2715 4316
1060 343 1143 386 nn
1192 344 1553 399 αΕιιΜΑΝιᾼ.
2167 337 2250 395 25

367 489 531 573 ignis
558 486 922 562 remedium,
952 487 1079 549 sive
1113 488 1353 550 inscitia
1384 487 1763 550 aedificandi.
1837 485 1938 549 Ne
1967 507 2250 550 caemen-

368 602 570 653 torum
600 588 854 672 quidem
885 588 1049 669 apud
1076 587 1214 651 illos
1245 602 1350 653 aut
1380 589 1727 673 tegularum
1755 610 1907 652 usus
1934 610 1950 650 :
1998 589 2251 652 materia

367 691 446 754 ad
491 691 699 753 omnia
744 702 995 752 utuntur
1038 690 1283 752 informi
1313 702 1376 752 et
1404 692 1553 752 citra
1598 692 1872 775 speciem
1914 701 2020 753 aut
2048 690 2249 753 delec-

367 794 682 857 tationem.
772 789 1096 864 Quaedam
1141 791 1280 853 loca
1309 791 1663 874 diligentius
1708 791 1947 855 illinunt
1980 804 2139 853 terra
2168 792 2251 854 ita

366 914 524 975 pura
553 914 626 955 ac
656 891 1033 974 splendente,
1058 904 1130 954 ut
1149 893 1452 973 picturam
1481 914 1554 954 ac
1583 892 1949 956 lineamenta
1976 893 2251 956 colorum
2355 970 2358 971 γ

370 995 663 1058 imitetur.
753 991 969 1054 Solent
997 1003 1060 1054 et
1088 992 1516 1055 subterraneos
1562 1014 1786 1074 specus
1831 994 2084 1074 aperire,
2117 1013 2249 1054 eos·

371 1116 494 1178 quc
562 1093 756 1156 multo
822 1095 1074 1178 insuper
1129 1093 1277 1156 fimo
1335 1105 1604 1170 onerant,
1667 1094 2007 1176 suffugium
2063 1092 2251 1155 hiemi

371 1209 435 1258 et
488 1179 949 1276 receptaculum
1006 1193 1339 1278 frugibus:
1415 1196 1559 1277 quia
1628 1195 1895 1277 rigorem
1959 1194 2255 1277 frigorum

372 1296 677 1381 ejusmodi
719 1296 874 1358 locis
904 1295 1223 1360 molliunt:
1271 1308 1351 1370 et,
1386 1295 1711 1379 siquando
1753 1295 1945 1358 hostis
1990 1295 2252 1371 advenit,

373 1409 586 1481 aperta
626 1395 968 1476 populatur,
1014 1382 1219 1459 abdita
1275 1408 1484 1458 autem
1529 1409 1590 1459 et
1632 1395 1878 1459 defossa
1934 1410 2039 1460 aut
2084 1397 2254 1480 igno-

373 1510 604 1573 rantur,
637 1509 740 1560 aut
768 1519 842 1559 eo
871 1498 1005 1578 ipso
1035 1496 1271 1573 fallunt,
1304 1497 1470 1580 quod
1497 1498 1846 1580 quaerenda
1876 1511 2037 1562 sunt.

463 1596 675 1662 XVII.
720 1598 1049 1682 Tegumen
1108 1598 1393 1661 omnibus
1453 1621 1694 1683 sagum,
1752 1601 1957 1677 fibula,
2018 1612 2144 1675 aut,
2201 1600 2254 1663 si

376 1700 556 1775 desit,
590 1700 761 1780 spina
806 1711 1194 1761 consertum:
1243 1712 1445 1763 cetera
1488 1701 1698 1764 intecti
1726 1713 1884 1765 totos
1913 1702 2046 1765 dies
2083 1702 2258 1786 juxta

376 1802 586 1865 focum
616 1814 798 1883 atque
842 1801 1051 1883 ignem
1093 1812 1303 1883 agunt.
1397 1799 1897 1883 Locupletissimi
1925 1816 2097 1865 veste
2133 1802 2256 1863 dis-

377 1904 759 1985 tinguuntur,
800 1923 922 1964 non
976 1901 1274 1976 fluitante,
1318 1902 1481 1964 sicut
1525 1902 1842 1965 Sarmatae
1893 1924 1966 1965 ac
2022 1901 2255 1977 Parthi,

379 2003 493 2066 sed
545 2004 752 2066 stricta
795 2014 857 2065 et
901 2002 1173 2086 singulos
1218 2015 1386 2065 artus
1431 2004 1827 2084 exprimente.
1916 2001 2156 2065 Gerunt
2199 2014 2261 2065 et

378 2105 647 2169 ferarum
690 2103 905 2190 pelleS,
956 2105 1215 2185 proximi
1274 2104 1443 2189 ripae
1494 2103 1891 2188 negligenter,
1941 2102 2259 2166 ulteriores

381 2207 767 2289 exquisitiuS,
812 2217 882 2268 ut
925 2206 1149 2288 quibus
1206 2205 1415 2268 nullus
1469 2226 1580 2287 per
1622 2205 1991 2268 commercia
2033 2204 2259 2269 cultus,

382 2306 644 2391 Eligunt
670 2307 852 2382 feraS,
900 2319 963 2369 et
1004 2305 1277 2369 detracta
1309 2306 1614 2370 velamina
1657 2319 1951 2391 spargunt
2000 2306 2259 2370 maculis

380 2409 769 2492 pellibusque
811 2406 1176 2482 belluarum,
1223 2428 1377 2490 quas
1437 2408 1697 2472 exterior
1741 2408 2031 2471 Oceanus
2078 2421 2261 2492 atque

383 2511 661 2592 ignotum
702 2529 871 2571 mare
913 2508 1128 2591 gignit.
1216 2506 1356 2570 Nec
1400 2508 1557 2572 alius
1601 2509 1847 2571 feminis
1888 2531 2073 2593 quam
2115 2510 2262 2573 viris

384 2610 648 2686 habitus,
694 2610 812 2672 nisi
869 2608 1033 2691 quod
1075 2608 1339 2671 feminae
1399 2611 1645 2691 saepius
1700 2609 1879 2673 lineis
1936 2610 2264 2674 amictibus

383 2711 680 2786 velantur,
721 2732 953 2793 eosque
994 2731 1264 2794 purpura
1305 2711 1557 2787 variant,
1602 2725 1961 2795 partemque
2004 2713 2264 2776 vestitus

388 2809 718 2893 superioris
747 2813 811 2874 in
837 2812 1113 2873 manicas
1143 2832 1265 2873 non
1306 2811 1657 2888 extendunt,
1688 2813 1887 2875 nudae
1916 2812 2165 2876 brachia
2193 2834 2267 2876 ac

388 2913 688 2976 lacertos:
738 2909 849 2974 sed
877 2922 938 2974 et
963 2912 1241 2992 proxima
1266 2932 1408 2993 pars
1436 2913 1700 2993 pectoris
1729 2925 1918 2995 patet.

477 3009 724 3076 XVIII.
784 3011 1159 3094 Quanquam
1216 3033 1433 3075 severa
1482 3013 1614 3091 illic
1669 3015 2096 3092 matrimonia3
2154 3034 2270 3077 nec

388 3114 583 3177 ullam
625 3135 866 3176 morum
921 3126 1159 3193 partem
1216 3115 1418 3197 magis
1469 3113 1852 3176 laudaveris:
1898 3135 2038 3176 nam
2084 3136 2272 3195 prope

393 3215 507 3278 soli
549 3214 945 3278 barbarorum
1003 3213 1264 3297 singulis
1312 3215 1608 3277 uxoribus
1652 3215 1919 3277 contenti
1963 3226 2123 3293 sunt,
2171 3236 2273 3279 ex-

391 3316 587 3397 ceptis
661 3313 995 3379 admodum
1061 3316 1301 3396 pauciS,
1356 3317 1464 3399 qui
1520 3337 1639 3378 non
1697 3314 1968 3393 libidine,
2030 3317 2138 3380 sed
2192 3318 2271 3382 ‚ob

392 3415 791 3491 nobilitatem,
829 3415 1111 3500 plurimis
1155 3417 1385 3498 nuptiis
1430 3416 1795 3481 ambiuntur.
1885 3416 2115 3484 Dotem
2158 3442 2279 3483 non

397 3538 548 3579 uxor
616 3517 855 3592 marit0,
915 3516 1027 3579 sed
1096 3518 1271 3580 uxori
1341 3516 1595 3581 maritus
1669 3519 1865 3583 offert.
1970 3509 2281 3586 Intersunt

394 3629 679 3702 parentes
733 3629 796 3679 et
849 3617 1193 3699 propinqui,
1239 3639 1313 3680 ac
1370 3635 1626 3702 munera
1674 3620 1968 3699 probant:
2028 3641 2283 3686 munera

394 3738 522 3780 non
562 3716 642 3780 ad
684 3716 940 3780 delicias
982 3717 1317 3781 muliebres
1363 3717 1659 3801 quaesita,
1703 3740 1820 3783 nec
1860 3722 2084 3803 quibus
2127 3736 2283 3782 nova

993 3811 1030 3865 3
