2715 4316
1085 347 1170 390 nr:
1217 346 1576 390 summu.
2192 333 2280 391 29

401 518 521 560 ,um
551 507 761 559 tamen
789 506 897 558 aut
923 494 1276 558 mercedem
1303 518 1318 571 ;
1367 495 1649 577 quamvis
1691 492 1941 558 audacis
1986 493 2279 559 lasciviae

385 599 655 680 pretium
728 608 824 659 est
900 596 1191 677 voluptas,
1254 597 1689 680 spectantium.
1795 595 2039 672 Aleam,
2114 596 2278 679 quod

387 701 631 775 mirere,
668 697 855 761 sobrii
900 699 1056 760 inter
1099 698 1258 760 seria
1302 709 1589 760 exercent
1630 708 1797 760 tanta
1838 696 2112 760 lucrandi
2144 719 2281 779 per-

389 800 653 864 dendive
686 799 1055 875 temeritate,
1078 811 1165 875 ut,
1192 820 1338 861 cum
1369 799 1573 861 omnia
1601 797 1977 875 defecerunt,
2009 810 2281 861 extremo

389 923 465 965 ac
507 901 846 964 novissimo
898 899 1063 981 iactu
1091 899 1169 962 de
1212 900 1492 962 libertate
1523 919 1597 962 ac
1624 899 1701 962 de
1715 904 1986 983 'corpore
2032 912 2281 962 conten-

388 1002 581 1065 dant(
644 1000 866 1065 Victus
909 1001 1314 1065 voluntariam
1374 1002 1730 1065 servitutem
1775 1002 1938 1064 adit:
1999 1002 2279 1083 quamvis

400 1103 701 1187 juvenior,
773 1103 1057 1186 quamvis
1128 1102 1451 1174 robustior,
1508 1103 1745 1186 alligari
1817 1123 1885 1164 se
1944 1123 2018 1164 ac
2074 1103 2279 1164 venire

388 1206 655 1289 patitur:
717 1226 792 1267 ea
848 1217 946 1267 est
1001 1205 1064 1267 in
1120 1225 1187 1266 re
1245 1226 1433 1285 prava
1487 1203 1873 1285 pervicacia:
1921 1203 2040 1284 ipsi
2095 1202 2283 1265 fidem

390 1317 633 1369 vocant.
741 1305 967 1368 Servos
1041 1304 1406 1368 conditionis
1472 1305 1659 1389 hujus
1731 1325 1843 1375 per
1914 1304 2285 1366 commercia

391 1406 655 1483 tradunt,
685 1419 755 1470 ut
783 1428 851 1470 se
883 1428 1127 1490 quoque
1156 1405 1390 1488 pudore
1420 1407 1708 1470 victoriae
1738 1405 2073 1469 exsolvant.

481 1507 691 1570 XXV.
739 1505 976 1570 Ceteris
1022 1509 1236 1582 serviS,
1284 1528 1404 1585 non
1447 1509 1510 1570 in
1551 1520 1829 1570 nostrum
1871 1527 2109 1570 morem
2139 1505 2282 1568 des-

393 1610 606 1690 criptis
686 1630 797 1690 per
865 1608 1165 1671 familiam
1247 1609 1623 1685 ministeriiS,
1697 1620 1970 1672 utuntur.
2087 1607 2284 1671 Suam

395 1712 659 1794 quisque
747 1709 978 1786 sedem,
1068 1731 1215 1772 suos
1299 1722 1553 1790 penates
1637 1711 1816 1794 regit.
1970 1707 2312 1772 Frumenti*

394 1811 652 1873 modum
709 1808 1014 1886 dominuS,
1070 1822 1175 1872 aut
1232 1811 1470 1890 pecoris
1527 1824 1633 1873 aut
1675 1812 1885 1886 vestiS,
1931 1822 1998 1872 ut
2044 1809 2281 1884 colono,

395 1912 702 1996 injungit:
777 1923 839 1974 et
895 1932 1110 1974 servus
1166 1910 1466 1974 hactenus
1523 1923 1735 1992 paret3
1803 1922 2006 1972 cetera
2060 1909 2282 1972 domus

399 2012 602 2077 officia
631 2034 782 2075 uxor
809 2034 883 2075 ac
911 2011 1088 2075 liberi
1132 2023 1570 2095 exsequuntur.
1657 2010 1996 2072 Verberare
2037 2030 2284 2072 servum

397 2135 474 2178 ac
499 2113 764 2178 vinculis
794 2125 856 2176 et
886 2133 1067 2195 opere
1098 2133 1403 2190 coercere,
1429 2132 1655 2175 rarum.
1732 2109 2034 2174 Occidere
2066 2109 2281 2188 solent,

395 2238 521 2279 non
576 2216 898 2297 disciplina
955 2227 1018 2278 et
1075 2216 1421 2291 severitate,
1481 2213 1593 2277 sed
1647 2214 1882 2295 impetu
1940 2224 2001 2276 et
2048 2214 2156 2289 ira,
2215 2224 2286 2276 ut

397 2318 737 2394 inimicum,
796 2318 916 2380 nisi
972 2316 1140 2400 quod
1194 2318 1468 2402 impune.
1556 2313 1793 2379 Liberti
1847 2337 1971 2378 non
2017 2316 2285 2380 multum

398 2440 584 2500 supra
627 2440 836 2481 servos
885 2430 1047 2495 sunt,
1078 2439 1214 2481 raro
1257 2418 1506 2501 aliquod
1546 2431 1930 2482 momentum
1973 2419 2037 2482 in
2078 2418 2281 2497 domo,

395 2540 713 2602 nunquam
756 2520 816 2581 in
864 2519 1152 2596 civitate;
1200 2520 1474 2600 exceptis
1516 2520 1807 2583 duntaxat
1849 2521 1926 2583 iis
1975 2522 2281 2604 gentibuS,

397 2640 557 2702 quae
600 2631 972 2703 regnantur:
1026 2618 1113 2682 ibi
1161 2620 1327 2682 enim
1357 2632 1419 2682 et
1448 2641 1635 2705 super
1678 2621 1978 2704 ingenuos
2010 2633 2071 2684 et
2101 2642 2281 2702 super

396 2720 637 2783 nobiles
710 2720 1091 2783 ascendunt:
1164 2721 1333 2806 apud
1391 2733 1628 2784 ceteros
1698 2723 1963 2803 impares
2021 2722 2279 2785 libertini

397 2820 696 2883 libertatis
741 2832 1172 2904 argumentum
1219 2834 1383 2884 sunt.

486 2920 754 2992 XXVI„
775 2920 985 2986 Fenus
1029 2924 1259 3007 agitare
1289 2935 1351 2987 et
1380 2924 1443 2987 in
1470 2946 1692 2987 usuras
1737 2923 2083 3001 extendere,
2113 2925 2258 3008 igno

398 3035 573 3086 tum:
620 3022 881 3107 ideoque
925 3025 1125 3108 magis
1171 3037 1463 3102 servatur,
1496 3047 1684 3108 quam
1713 3026 1766 3088 si
1794 3027 2051 3088 vetitum
2097 3036 2264 3088 esset

398 3123 554 3207 Agri
603 3145 714 3207 pro
741 3146 998 3187 numero
1034 3125 1342 3189 cultorum
1369 3125 1449 3189 ab
1474 3126 1778 3189 universis
1808 3127 1870 3188 in
1897 3126 2068 3187 vices
2101 3145 2257 3187 occu

397 3236 638 3307 pantur,
705 3247 861 3309 quos
917 3248 1064 3289 mox
1132 3228 1288 3290 inter
1345 3249 1414 3290 se
1473 3226 1816 3290 secundum
1871 3225 2283 3309 dignationem

396 3325 779 3406 partiuntur:
854 3325 1212 3391 facilitatem
1283 3328 1584 3413 partiendi
1659 3348 2016 3409 camporum
2089 3328 2283 3408 spatia

396 3438 726 3507 praestant.
815 3427 985 3491 Arva
1010 3450 1123 3510 per
1150 3450 1339 3492 annos
1375 3440 1651 3492 mutant:
1698 3441 1761 3491 et
1789 3441 2070 3510 superest
2094 3451 2281 3515 ager;

399 3547 515 3589 nec
545 3527 711 3590 enim
740 3523 886 3591 cum
912 3528 1190 3593 ubertate
1221 3542 1282 3593 et
1310 3528 1710 3610 amplitudine
1741 3530 1856 3594 soli
1898 3530 2105 3595 labore
2142 3553 2286 3595 con-

401 3627 677 3704 tendunt,
717 3641 788 3692 ut
838 3632 1112 3711 pomaria
1168 3641 1492 3693 conserant
1548 3641 1610 3693 et
1664 3644 1836 3712 prata
1893 3646 2176 3715 separent
2225 3642 2289 3696 et

397 3726 606 3792 hortos
661 3730 907 3815 rigent:
982 3732 1115 3795 sola
1169 3743 1365 3795 terrae
1424 3752 1607 3816 seges
1665 3733 2017 3815 imperatur.
2104 3731 2287 3797 Unde
