2715 4316
445 301 531 367 ⁷2
1096 322 1156 363 e.
1205 321 1399 364 coms.
1445 321 1668 363 nom

443 473 671 536 bonum
715 471 912 533 virum
957 470 1137 533 facile
1182 469 1484 543 credereS,
1531 490 1826 552 magnum
1882 468 2160 532 libenter.
2249 467 2338 533 Et

445 576 576 655 ipse
608 572 877 656 quidem,
912 580 1268 656 quanquam
1311 572 1519 634 medio
1548 573 1609 634 in
1641 573 1839 652 spatio
1868 572 2139 654 integrae
2169 584 2338 635 aeta-

446 676 522 737 tis
554 686 820 755 ereptus,
854 686 1151 756 quantum
1197 672 1274 735 ad
1317 673 1594 756 gloriam,
1627 671 2059 756 longissimum
2109 694 2339 735 aevum

444 777 702 859 peregit.
792 775 1039 855 Quippe
1072 787 1133 837 et
1162 796 1306 837 vera
1348 774 1527 849 bona,
1560 795 1719 857 quae
1749 775 1811 836 in
1839 773 2165 837 virtutibus
2218 775 2339 837 sita

445 889 604 953 sunt,
667 877 1045 957 impleverat,
1129 883 1193 938 et
1286 875 1597 941 consulari
1661 893 1769 937 ac
1862 874 2337 956 triumphalibus

445 980 813 1041 ornamentis
890 978 1212 1059 praedito','
1243 977 1393 1061 quid
1470 976 1638 1040 aliud
1707 976 2020 1040 adstruere
2093 976 2339 1039 fortuna

445 1080 727 1162 poterat?
816 1079 1057 1162 Opibus
1130 1081 1336 1142 nimiis
1396 1101 1517 1141 non
1586 1078 1937 1162 gaudebat3
2014 1079 2335 1159 speciosae

445 1184 841 1266 contigerant.
930 1180 1089 1244 Filia
1141 1194 1324 1264 atque
1384 1202 1574 1244 uxore
1635 1180 2087 1265 superstitibus»,
2131 1192 2340 1260 potest

447 1283 634 1346 videri
665 1285 850 1346 etiarn
890 1282 1147 1360 beatus3
1197 1281 1490 1344 incolumi
1520 1280 1833 1364 dignitate,
1864 1281 2117 1343 florente
2146 1280 2334 1357 fama,

445 1386 630 1448 salvis
661 1385 1056 1448 affinitatibus
1086 1390 1148 1446 'et
1177 1384 1485 1459 amicitiiS,
1517 1382 1722 1445 futura
1759 1383 2077 1466 effugisse.
2164 1380 2336 1446 Nam

446 1488 623 1549 sicuti
655 1486 871 1549 durare
918 1487 980 1549 in
1024 1485 1139 1549 hac
1183 1486 1524 1553 beatissimi
1578 1484 1808 1547 saeculi
1837 1484 1978 1547 luce
2010 1506 2084 1546 ac
2112 1486 2334 1566 princi-

444 1609 586 1668 pem
641 1586 979 1670 Trajanum
1021 1586 1250 1662 videre,
1306 1586 1473 1670 quod
1521 1587 1780 1670 augurio
1830 1587 2112 1669 votisque
2170 1586 2334 1667 apud

444 1700 682 1752 nostras
723 1709 904 1750 aures
950 1687 1350 1763 ominabatur,
1384 1689 1468 1750 ita
1498 1687 1818 1750 festinatae
1862 1681 2074 1750 mortis
2104 1687 2335 1771 grande

446 1789 734 1852 solatium
777 1789 934 1865 tulit,
968 1789 1242 1852 evasisse
1284 1803 1669 1869 postremum
1717 1789 1867 1852 illud
1911 1801 2177 1869 tempuS‚
2210 1811 2336 1872 quo

444 1890 837 1955 Domitianus
868 1913 988 1954 non
1036 1891 1167 1976 jam
1195 1913 1306 1973 per
1333 1891 1648 1954 intervalla
1678 1913 1752 1954 ac
1783 1892 2152 1972 spiramenta
2180 1903 2337 1954 tem-

446 2016 683 2077 porum,
717 1994 826 2057 sed
879 1996 1167 2058 continuo
1217 2007 1280 2057 et
1328 1993 1499 2057 velut
1542 2015 1665 2057 uno
1710 1994 1837 2056 ictu
1888 1993 2336 2078 rempublicam

448 2096 750 2161 exhausit.
1465 2102 1466 2105 ’
1589 2113 1594 2119 ·
1650 2176 1653 2181 ,

531 2198 737 2262 XLV.
785 2197 932 2262 Non
994 2199 1145 2262 vidit
1201 2198 1493 2282 Agricola
1566 2197 1885 2260 obsessam
1958 2198 2213 2273 curiam,
2275 2209 2337 2260 et

447 2301 730 2364 clausum
786 2301 990 2362 armis
1019 2312 1318 2375 senatum,
1369 2311 1430 2362 et
1473 2299 1691 2362 eadem
1736 2311 1937 2383 strage
1983 2310 2070 2361 tot
2121 2319 2337 2361 eonsu-

448 2402 666 2465 larium
709 2400 1089 2476 caed‘eS,'tot
1144 2401 1667 2463 nobilissimarum
1708 2399 2074 2462 feminarum
2119 2400 2338 2463 exsilia

448 2516 508 2565 et
536 2500 738 2585 fugas,
826 2500 967 2565 Una
1011 2501 1212 2569 adhuc
1241 2503 1494 2565 victoria
1527 2501 1729 2564 Carus
1761 2501 1993 2564 Metius
2044 2501 2336 2563 censeba-

448 2616 563 2679 tur,
625 2617 687 2667 et
757 2608 914 2666 intra
981 2603 1284 2666 Albanam
1318 2661 1321 2664 ,
1357 2626 1565 2667 arcem
1640 2604 1939 2667 sententia
2011 2602 2336 2666 Messalini

449 2706 774 2789 strepebat,
808 2717 868 2767 et
899 2705 1114 2768 Massa
1158 2706 1393 2768 Bebius
1439 2706 1566 2790 jam
1610 2719 1743 2768 tum
1771 2727 1915 2767 reus
1946 2718 2093 2768 erat.
2183 2704 2339 2767 Mox

450 2822 690 2869 nostrae
742 2807 971 2870 duxere
1018 2807 1384 2890 Helvidium
1436 2809 1497 2870 in
1551 2829 1859 2870 carcerem
1913 2828 2171 2870 manus:
2219 2827 2334 2868 nos

450 2908 714 2973 Maurici
774 2908 1152 2999 Rusticique
1212 2910 1407 2985 visuS‚
1468 2928 1594 2971 nos
1652 2908 1960 2971 innocenti
2034 2909 2353 2991 sanguine,

450 3010 715 3074 Senecio
744 3009 1033 3093 perfudit.
1122 3009 1292 3073 Nero
1319 3023 1528 3074 tamen
1558 3010 1854 3073 subtraxit
1884 3009 2096 3084 oculos
2120 3008 2335 3091 jussit-

446 3135 567 3197 que
600 3113 854 3188 scelera,
902 3134 1024 3176 non
1070 3113 1410 3193 spectavit:
1458 3112 1787 3193 praecipua
1832 3109 1947 3172 sub
1978 3108 2335 3172 Domitiano

447 3217 835 3279 miseriarum
877 3236 1019 3295 pars
1064 3225 1192 3276 erat
1233 3213 1441 3276 videre
1487 3226 1552 3275 et
1593 3213 1823 3296 aspici:
1881 3233 2027 3273 curn
2071 3211 2337 3291 suspiria

446 3332 651 3380 nostra
696 3317 1263 3392 subscriberentur3
1311 3336 1457 3377 cum
1486 3313 1846 3377 denotandis
1892 3325 1979 3376 tot
2011 3312 2335 3375 *hominum

445 3414 779 3495 palloribus
826 3412 1138 3498 sufficeret
1189 3433 1412 3474 saevus
1457 3411 1559 3474 ille
1603 3411 1811 3473 vultus
1857 3422 1919 3473 et
1959 3408 2162 3484 rubor,
2209 3429 2335 3491 quo

447 3536 513 3576 se
568 3525 777 3575 contra
827 3513 1128 3593 pudorem
1168 3512 1507 3576 muniebat.
1597 3510 1702 3575 Tu
1748 3533 1894 3575 vero
1936 3510 2105 3586 felix,
2152 3510 2334 3594 Agri-

445 3614 602 3689 cola,
630 3636 751 3677 non
782 3617 942 3678 vitae
987 3626 1225 3678 tantum
1269 3615 1561 3689 claritate,
1596 3613 1706 3677 sed
1750 3614 1936 3676 etiam
1980 3612 2333 3696 opportuni-

447 3731 565 3780 tate
611 3719 844 3792 mortIS‚
889 3728 959 3779 ut
1000 3715 1321 3796 perhibent
1372 3716 1478 3796 qui
1536 3714 1939 3806 interfuerunt
1981 3714 2333 3776 novissimis
