2715 4316
388 358 470 418 60
886 376 889 377 ’
1037 376 1097 419 o.
1145 376 1337 418 eorm.
1386 375 1648 418 uom-

472 522 751 586 XXVII.
803 523 1003 608 Cujus
1028 522 1409 587 conscientia.
1431 544 1504 585 ac
1533 522 1697 585 fama
1725 522 1899 585 ferox
1942 535 2266 605 excretus,

384 624 534 689 nihil
577 626 782 688 virtuti
841 647 990 687 suae
1034 625 1309 688 invium:
1363 624 1799 705 penetrandam
1847 623 2270 702 Caledoniam,

384 724 942 808 inveniendumque
999 724 1246 788 tandem
1303 723 1653 786 Britanniae
1724 726 2055 788 terminum
2127 747 2271 789 con-

384 828 556 891 tinuo
605 827 975 908 proeliorum
1020 847 1226 900 cursu,
1272 825 1651 888 fremebant:
1700 837 1885 908 atque
1942 826 2028 888 illi
2087 826 2272 890 modo

386 929 547 991 cauti
579 950 652 992 ac
684 929 1009 1009 sapiente8‚
1039 928 1304 1011 prompti
1346 939 1489 1012 post
1531 939 1819 988 eventum
1861 948 1935 988 ac
1971 926 2273 1010 magnilo-

386 1032 490 1114 qui
537 1043 728 1094 erant.
818 1030 1215 1113 Iniquissima
1258 1028 1413 1092 haec
1467 1027 1773 1091 bellorum
1817 1028 2082 1091 conditio
2134 1042 2268 1092 est:

382 1154 674 1218 prospera
725 1154 939 1195 omnes
993 1132 1108 1194 sibi
1152 1130 1479 1207 vindicant,
1519 1129 1774 1193 adversa
1817 1131 1923 1193 uni
1969 1131 2272 1211 imputan-

383 1247 500 1299 tur.
590 1237 676 1299 At
727 1234 1000 1297 Britanni
1046 1256 1166 1297 non
1209 1234 1452 1309 virtute,
1501 1231 1612 1295 sed
1657 1233 1980 1294 occasione
2032 1245 2093 1295 et
2143 1245 2271 1296 arte

384 1336 561 1400 ducis
612 1338 745 1412 rati,
796 1335 946 1399 nihil
1000 1336 1091 1397 ex'
1126 1334 1465 1417 arrogantia
1514 1333 1843 1408 remittere,
1891 1354 2014 1416 quo
2064 1334 2272 1396 minus

393 1437 779 1523 juventutem
821 1448 1140 1512 armarent,
1174 1433 1468 1520 conjuges
1514 1456 1587 1497 ac
1613 1435 1856 1511 ,liberos
1887 1435 1946 1497 in
1976 1435 2114 1498 'loca
2140 1448 2274 1498 tuta

383 1539 793 1613 transferrent,
868 1538 1148 1600 coetibus
1222 1558 1295 1599 ac
1370 1537 1685 1600 sacrificiis
1761 1536 2273 1617 conspirationem

384 1642 701 1705 civitatum
731 1639 1064 1702 sancirent&
1108 1650 1292 1722 atque
1322 1639 1407 1701 ita
1437 1639 1680 1701 irritatis
1712 1639 2018 1723 utrimque
2050 1640 2272 1702 animis

384 1742 755 1805 discessum.
1555 1788 1559 1792 Α

469 1843 783 1907 XXVIII.
843 1841 1084 1906 Eadem
1155 1856 1387 1916 aestate
1446 1843 1663 1906 cohors
1723 1842 2105 1929 Usipiorum,
2163 1865 2276 1924 per

389 1947 756 2012 Germanias
835 1948 1197 2033 conscripta,
1298 1951 1361 2009 in
1437 1946 1816 2009 Britanniam
1891 1948 2269 2024 transmissa,

383 2072 681 2135 magnum
737 2071 812 2113 ac
868 2048 1265 2127 memorabile
1322 2047 1563 2123 facinus
1627 2070 1780 2111 ausa
1837 2061 1951 2111 est.
2043 2047 2274 2111 Occiso

385 2154 738 2217 centurione
777 2174 850 2215 ac
893 2150 1212 2227 militibus,
1245 2151 1350 2235 qui
1382 2150 1458 2214 ad
1486 2148 1842 2214 tradendam
1886 2150 2273 2232 disciplinam

385 2256 646 2318 immixti
674 2254 1006 2337 manipulis
1060 2251 1412 2335 exemplum
1457 2265 1517 2315 et
1558 2250 1827 2315 rectores
1871 2253 2270 2331 habebantur,

384 2368 507 2418 tres
538 2356 891 2430 liburnicaS‚
925 2354 1157 2416 adactis
1204 2375 1314 2435 per
1340 2356 1468 2418 vim
1497 2353 2025 2439 gubernatoribuS,
2057 2376 2273 2418 ascen-

384 2455 579 2520 dere:
656 2468 717 2517 et
778 2477 900 2517 uno
971 2456 1329 2539 remigante,
1373 2457 1698 2537 >suspectis
1756 2456 2000 2519 duobus
2074 2479 2271 2540 eoque

385 2556 739 2633 interfectiS‚
799 2556 1072 2619 nondum
1142 2557 1392 2640 vulgato
1462 2580 1736 2626 rumore.
1766 2571 1833 2621 ut
1903 2559 2272 2621 miraculum

385 2657 944 2740 praevehebantur:
1000 2680 1146 2720 mox
1202 2657 1318 2721 hac
1376 2672 1557 2741 atque
1614 2660 1718 2723 illa
1775 2661 1947 2741 rapti,
2010 2673 2071 2722 et
2128 2682 2272 2724 cum

384 2760 688 2842 plerisque
719 2759 1167 2837 Britannorum,
1199 2782 1312 2824 sua
1341 2760 1813 2837 defensantium,
1844 2761 2077 2843 proelio
2129 2784 2272 2825 con-

384 2863 604 2946 gressi,
650 2884 724 2925 ac
769 2884 953 2944 saepe
995 2863 1278 2939 victoreS,
1325 2864 1651 2947 aliquando
1692 2865 1877 2945 pulsi,
1925 2886 1999 2926 eo
2047 2864 2124 2927 ad
2168 2886 2271 2927 ex-

386 2975 653 3027 tremum
697 2965 935 3046 inopiae
965 2985 1208 3039 venere,
1242 2977 1311 3028 ut
1340 2966 1791 3028 infirmissimos
1822 2987 2095 3041 suorum,
2127 2988 2271 3029 mox

387 3078 546 3130 sorte
648 3067 883 3149 ductos,
997 3074 1416 3132 vescerentur.
1560 3066 1810 3152 Atque
1873 3068 2271 3131 circumvecti

388 3167 786 3246 Britanniam,
846 3170 1092 3232 amissis
1149 3191 1260 3251 per
1315 3170 1621 3233 inscitiam
1676 3170 1930 3253 regendi
1990 3169 2269 3246 navibus,

383 3292 494 3351 pro
566 3272 974 3352 praedonibus
1038 3270 1246 3348 habiti,
1308 3273 1576 3353 primum
1633 3293 1670 3333 a
1730 3272 1975 3347 SueviS,
2037 3294 2181 3335 mox
2236 3294 2273 3335 a

386 3370 603 3434 Frisiis
635 3374 950 3453 intercepti
997 3385 1176 3435 sunt:
1224 3395 1298 3435 ac
1326 3373 1519 3447 fuere,
1554 3394 1708 3457 quos
1751 3395 1862 3454 per
1903 3374 2273 3437 commercia

383 3471 788 3535 venumdatos
849 3486 910 3535 et
967 3476 1030 3536 in
1086 3486 1354 3537 nostram
1412 3496 1611 3557 usque
1669 3477 1866 3559 ripam
1938 3477 2273 3539 mutatione

387 3573 725 3636 ementium
770 3573 1085 3649 adductOS‚
1119 3576 1413 3638 indicium
1444 3578 1594 3638 tanti
1625 3598 1808 3639 casus
1840 3578 2187 3642 illustravit.

470 3669 704 3733 XXIX,
733 3660 931 3737 'Initio
977 3678 1224 3738 aestatis
1269 3677 1578 3758 Agricola,
1628 3678 1971 3741 domestico
2021 3678 2273 3741 vulnere

391 3776 569 3840 ictus,
601 3795 760 3836 anno
803 3787 941 3837 ante
987 3787 1198 3837 natum
1241 3776 1439 3838 filium
1481 3780 1707 3841 amisit.
1801 3778 2012 3852 Quem
2054 3800 2273 3843 casum
