2715 4316
457 334 537 393 68
1116 351 1176 391 c.
1225 350 1418 391 comt.
1463 349 1682 391 nom

456 498 720 561 obvius:
803 498 1027 580 quibus
1100 498 1165 561 in
1236 514 1483 560 omnem
1555 510 1790 578 partem
1863 496 2155 572 dimissi8‚
2231 494 2341 562 ubi

456 601 683 663 incerta
711 598 896 682 fugae
940 600 1199 682 vestigia
1241 620 1444 681 neque
1489 620 1754 682 usquam
1799 598 2151 681 conglobari
2197 598 2338 661 hos·

456 713 547 764 tes
601 714 982 781 compertum
1027 714 1088 763 et
1132 712 1343 762 exacta
1390 699 1519 783 jam
1563 711 1794 761 aestate
1848 700 2050 782 spargi
2103 699 2341 763 bellum

454 803 762 884 nequibat,
795 802 857 864 in
887 802 1040 862 fines
1072 799 1484 863 Horestorum
1514 800 1850 862 exercitum
1879 799 2149 863 deducit.
2243 800 2341 864 Ibi

455 904 725 987 acceptis
770 902 1106 975 obsidibus»,
1153 902 1463 982 praefecto
1520 902 1737 963 classis
1782 900 2158 964 circumvehi
2204 900 2313 963 Bri

455 1005 721 1066 tanniam
766 1004 1094 1088 praecepit.
1156 999 1380 1064 ·Datae
1426 1002 1502 1064 ad
1548 1002 1609 1065 id
1653 1003 1833 1076 vireS,
1882 1015 1943 1064 et
1987 1022 2312 1083 praecesse

454 1117 544 1167 rat
573 1121 780 1167 terror.
872 1105 1016 1185 Ipse
1059 1103 1331 1189 peditem
1379 1116 1561 1186 atque
1607 1104 1847 1185 equites
1892 1103 2055 1166 lento
2099 1104 2338 1175 itinere,

454 1229 577 1289 quo
647 1228 941 1269 novarum
1006 1206 1282 1288 gentium
1348 1205 1533 1267 animi
1607 1206 1740 1285 ipsa
1812 1204 2100 1267 transitus
2169 1226 2340 1266 mora

454 1322 835 1383 terrerentur,
898 1308 958 1369 in
1029 1306 1298 1369 hibernis
1372 1307 1615 1368 locavit.
1704 1304 1790 1368 Et
1862 1305 2045 1368 simul
2118 1306 2337 1368 classis

454 1409 725 1472 secunda
795 1420 1156 1489 tempestate
1229 1429 1303 1470 ac
1360 1408 1525 1470 fama
1582 1400 2023 1470 Trutulensem
2094 1421 2336 1488 portum

453 1512 663 1582 tenuit,
721 1510 881 1572 unde
954 1511 1230 1593 proximo
1285 1510 1474 1572 latere
1533 1508 1882 1571 Britanniae
1940 1509 2099 1572 lecto
2171 1510 2336 1572 omni

452 1611 729 1672 redierat.

535 1707 827 1770 XXXIX.
890 1710 1079 1773 Hunc
1150 1733 1355 1773 rerum
1427 1732 1700 1787 cursum,
1760 1733 2107 1795 quanquam
2169 1712 2338 1783 nulla

452 1813 771 1875 verborum
846 1812 1136 1896 jactantia
1216 1813 1490 1894 epistolis
1567 1813 1890 1896 Agricolae
1964 1824 2191 1888 actum,
2268 1826 2338 1876 ut

452 1911 803 1977 Domitiano
860 1915 1046 1977 moris
1105 1927 1250 1990 erat,
1296 1914 1494 1977 fronte
1551 1915 1770 1989 laetus,
1817 1925 2062 1998 pectore
2117 1915 2336 1976 anxius

453 2017 711 2097 excepit.
801 2016 1004 2079 Inerat
1047 2018 1422 2079 conscientia
1464 2016 1693 2078 derisui
1738 2016 1933 2078 fuisse
1991 2037 2185 2096 nuper
2226 2015 2336 2079 sal-

453 2140 591 2182 sum
630 2140 664 2182 c
706 2117 1038 2182 Germania
1081 2117 1477 2199 triumphum,
1525 2117 1747 2198 emptis
1792 2138 1901 2198 per
1943 2118 2333 2193 commercia,

452 2243 712 2304 quorum
743 2221 985 2283 habitus
1030 2236 1090 2283 ct
1135 2222 1334 2283 crines
1381 2222 1443 2282 in
1487 2221 1867 2300 captivorum
1913 2221 2186 2300 speciem
2217 2220 2335 2282 for·

451 2338 794 2384 marentur:
842 2334 901 2382 at
946 2342 1109 2382 nunc
1153 2343 1360 2383 veram
1411 2342 1821 2405 magnamque
1865 2321 2200 2396 victoriam,
2249 2333 2338 2384 tot

452 2422 723 2485 millibus
781 2421 1050 2483 hostium
1094 2422 1313 2492 caesiS‚
1362 2424 1591 2505 ingenti
1637 2420 1799 2483 fama
1857 2421 2171 2484 celebrari.
2263 2421 2338 2484 Id

454 2524 569 2585 sibi
626 2524 889 2585 maxime
946 2521 1429 2599 formidolosum,
1489 2524 1703 2605 privati
1776 2523 2039 2585 hominis
2113 2545 2337 2585 nomen

454 2645 638 2707 supra
688 2624 978 2708 principis
1023 2623 1250 2686 attolli:
1298 2624 1524 2687 frustra
1569 2624 1770 2687 studia
1798 2624 1912 2687 fori
1957 2636 2017 2687 ct
2060 2624 2337 2688 civilium

453 2726 673 2787 artium
717 2724 909 2787 decus
954 2726 1015 2787 in
1061 2726 1371 2788 silentium
1416 2739 1571 2800 acta,
1606 2727 1658 2788 si
1702 2726 2028 2788 militarem
2075 2726 2335 2809 gloriam

454 2827 610 2889 alius
669 2838 1042 2907 occuparet:
1119 2839 1181 2889 et
1252 2840 1459 2890 cetera
1515 2839 1851 2911 utcumque
1909 2827 2153 2896 facilius
2211 2827 2308 2889 dis

455 2928 775 2992 simulari:
853 2927 1028 2990 ducis
1086 2929 1229 2990 boni
1303 2929 1753 3013 imperatoriam
1812 2930 2100 2992 virtutem
2172 2949 2333 2991 esse.

455 3029 715 3094 Talibus
767 3030 931 3092 curis
980 3031 1304 3106 exercituS,
1353 3030 1640 3113 quodque
1687 3052 1906 3093 saevae
1952 3031 2336 3114 cogitationis

454 3131 748 3194 indicium
834 3142 980 3206 erat,
1056 3144 1293 3193 secreto
1367 3152 1481 3193 suo
1554 3132 1828 3207 satiatuS,
1904 3132 2200 3212 optimum
2273 3132 2336 3193 in

451 3234 796 3318 praesentia
869 3233 1078 3295 statuit
1146 3253 1439 3313 reponere
1514 3232 1743 3307 odium,
1802 3232 1997 3295 donec
2070 3233 2339 3312 impetus

454 3335 652 3397 famae
713 3347 774 3396 et
829 3334 999 3397 favor
1055 3334 1361 3396 exercitus
1418 3334 1890 3417 languesceret:
1952 3356 2094 3396 narn
2152 3335 2337 3396 etiam

443 3448 584 3510 ‚tum
615 3434 903 3517 Agricola
932 3435 1310 3498 Britanniam
1344 3436 1674 3499 obtinebat.

539 3532 671 3595 XL.
727 3535 922 3618 Igitur
964 3536 1384 3621 triumphalia·
1412 3551 1764 3599 ornamenta
1809 3551 1869 3599 et
1913 3537 2165 3600 illustris
2212 3549 2333 3599 sta-

459 3651 595 3701 tuae
639 3636 929 3699 honorem
975 3650 1036 3699 et
1079 3638 1375 3721 quidquid
1418 3661 1525 3719 pro
1569 3638 1877 3723 triumpho
1920 3639 2114 3713 datur,
2146 3638 2340 3701 multo

456 3739 778 3803 verborum
822 3738 1048 3800 honore
1079 3739 1410 3815 cumulata,
1442 3740 1688 3803 decerni
1740 3743 1805 3803 in
1857 3753 2072 3803 senatu
2115 3739 2327 3822 jubet;
