2715 4316
1137 369 1482 414 AcmcoLA.
2177 352 2263 413 45

360 519 730 600 superstites
784 540 1021 595 sumuS,
1079 518 1380 599 exemptis
1426 539 1460 580 e
1505 517 1712 580 media
1754 517 1879 580 vita
1932 529 2022 580 tot
2062 518 2258 594 annis,

359 622 590 705 quibus
636 620 899 704 juvenes
944 618 1022 682 ad
1066 632 1469 695 senectutem,
1503 641 1686 681 senes
1737 639 1925 703 prope
1970 618 2048 681 ad
2091 620 2259 700 ipsos

361 735 617 785 exactae
648 723 866 784 aetatis
909 723 1200 784 terminos
1228 742 1338 802 per
1380 720 1694 784 silentium
1721 722 2024 784 venimus.
2112 720 2260 784 Non

358 835 571 886 tamen
622 822 858 906 pigebit
884 822 984 884 vel
1034 821 1342 885 incondita
1394 842 1470 883 ac
1511 821 1650 884 rudi
1694 841 1847 884 voce
1897 822 2258 886 memoriam

359 924 581 1004 prioris
611 924 920 986 servitutis
949 945 1023 986 ac
1050 924 1472 986 testimonium
1514 925 1931 1003 praesentium
1957 924 2259 987 bonorum

363 1025 815 1106 composuisse.
924 1022 1054 1087 Hic
1124 1025 1369 1088 interim
1437 1024 1596 1087 liber
1663 1024 1875 1087 honori
1931 1025 2257 1108 Agricolae

367 1126 568 1188 soceri
598 1127 723 1188 mei
753 1124 1112 1202 destinatus,
1144 1126 1527 1207 professione
1566 1127 1811 1207 pietatis
1841 1138 1947 1189 aut
1973 1126 2254 1189 laudatus

365 1227 489 1288 erit'
510 1237 619 1288 aut
641 1238 992 1289 excusatuS.

454 1325 570 1388 IV.
633 1326 899 1390 CNAsus
957 1325 1187 1390 Juuus
1244 1327 1607 1402 Aemcom,
1664 1326 1855 1390 veteri
1915 1337 1976 1388 et
2038 1325 2257 1391 illustri

366 1416 886 1509 Forojuliensium
943 1427 1182 1490 colonia
1240 1440 1429 1504 ortuS,
1490 1439 1821 1510 utrumque
1880 1448 2064 1490 avum
2118 1448 2254 1508 pro-

367 1539 715 1590 curatorem
754 1527 1098 1592 Caesarum
1139 1528 1390 1592 habuit:
1438 1550 1598 1611 quae
1630 1529 1932 1612 equestris
1970 1529 2255 1592 nobilitas

367 1641 486 1692 est.
575 1627 761 1693 Pater
803 1629 1011 1693 Julius
1044 1629 1409 1707 GraecinuS,
1444 1631 1729 1693 senatorii
1773 1630 2019 1707 ordinis,
2054 1632 2257 1694 studio

374 1724 765 1810 eloquentiae
794 1723 1257 1809 sapientiaeque
1284 1733 1486 1806 notus,
1515 1724 1716 1810 iisque
1744 1724 1900 1808 ipsis
1921 1729 2256 1796 virtutibus

372 1822 533 1888 iram
557 1822 697 1887 Caii
720 1822 1014 1887 Caesaris
1032 1822 1291 1886 meritus
1317 1844 1333 1886 ε
1377 1843 1643 1908 namque
1662 1821 1753 1886 M.
1779 1822 2062 1890 Silanum
2083 1850 2257 1894 accu-

374 1942 516 1986 sare
537 1923 753 2007 jussus
797 1932 876 2000 et,
906 1920 1057 2006 quia
1098 1919 1415 1999 abnuerat,
1447 1919 1814 1984 interfectus
1845 1931 1957 1986 est.
2044 1924 2258 1991 Mater

372 2019 420 2084 J
424 2021 552 2084 ulia
580 2019 849 2084 Procilla
875 2019 1012 2097 fuit,
1045 2039 1224 2082 rarae
1267 2018 1580 2082 castitatis
1606 2040 1621 2081 ι
1665 2018 1733 2082 in
1778 2018 1966 2104 hujus
1997 2021 2137 2085 sinu
2165 2023 2254 2087 in-

375 2117 818 2203 dulgentiaque
851 2115 1160 2196 educatuS,
1193 2136 1306 2199 per
1333 2137 1572 2180 omnem
1600 2116 1999 2182 honestarum
2027 2121 2255 2186 artium

372 2217 610 2281 cultum
637 2215 969 2299 pueritiam
1010 2214 1614 2299 adolescentiamque
1643 2216 1968 2301 transegit.
2058 2218 2255 2285 Arce-

370 2315 485 2380 bat
534 2336 675 2380 eum
704 2314 783 2378 ab
812 2312 1125 2377 illecebris
1155 2311 1562 2395 peccantium,
1605 2322 1860 2396 praeter
1908 2314 2107 2399 ipsius
2151 2319 2254 2385 bo-

369 2436 517 2478 nam
536 2414 964 2498 integramque
982 2419 1284 2490 naturam,
1308 2409 1473 2495 quod
1491 2410 1705 2474 statim
1724 2413 2022 2495 parvulus
2041 2416 2253 2484 sedem

368 2532 445 2575 ac
503 2511 869 2594 magistram
925 2508 1268 2573 studiorum
1339 2506 1694 2572 Massiliam
1755 2509 1992 2592 habuit,
2048 2514 2249 2582 locum

368 2606 637 2690 Graeca,
671 2609 955 2671 comitate
1014 2620 1076 2671 et
1129 2608 1492 2695 provinciali
1562 2609 1934 2690 parsimonia
2000 2611 2253 2673 mistum

365 2730 441 2770 ac
468 2708 627 2770 benc
672 2710 1103 2794 compositum.
1191 2706 1499 2773 Memoria
1543 2721 1723 2771 teneo
1767 2710 2017 2773 solitum
2047 2712 2252 2796 ipsum

365 2830 627 2886 narrare,
688 2831 756 2872 se
814 2811 877 2873 in
931 2811 1128 2892 prima
1190 2811 1445 2895 juventa
1500 2811 1773 2892 studium
1830 2810 2252 2896 philosophiae

364 2911 590 2987 acriuS,
636 2911 795 2973 ultra
837 2933 1024 2994 quam
1081 2933 1450 2975 concessum
1502 2910 1786 2976 Romano
1844 2934 1917 2975 ac
1970 2913 2251 2989 senatori,

364 3010 672 3087 hausisse,
703 3012 767 3074 ni
808 3011 1130 3093 prudentia
1171 3005 1385 3076 matris
1427 3014 1750 3076 incensum
1793 3035 1867 3076 ac
1894 3013 2252 3096 fiagrantem

366 3112 642 3175 animum
713 3114 1109 3176 coercuisset.
1222 3113 1476 3177 Scilicet
1540 3114 1803 3177 sublime
1862 3125 1924 3176 et
1980 3124 2255 3175 erectum

366 3213 683 3295 ingenium
732 3213 1250 3295 pulchritudinem
1294 3236 1368 3278 ac
1413 3215 1687 3300 speciem
1744 3213 2025 3277 excelsae
2084 3233 2254 3296 mag-

366 3335 607 3397 naeque
651 3315 881 3398 gloriae
925 3315 1373 3394 vehementiuS,
1406 3338 1595 3400 quam
1637 3328 1837 3392 caute,
1884 3313 2251 3396 appetebat:

363 3436 511 3478 mox
568 3416 870 3501 mitigavit
923 3419 1075 3481 ratio
1128 3431 1190 3481 et
1232 3432 1440 3482 aetas:
1499 3419 1892 3502 retinuitque,
1938 3416 2105 3502 quod
2161 3428 2255 3481 est

363 3517 821 3593 difficillimum,
851 3542 928 3583 ex
958 3522 1257 3603 sapientia
1288 3521 1565 3586 modum.

450 3617 529 3684 V.
577 3618 790 3684 Prima
847 3635 1186 3687 castrorum
1242 3624 1588 3686 rudimenta
1631 3622 1693 3685 in
1739 3620 2052 3685 Britannia
2098 3621 2227 3711 Sue

364 3721 532 3785 tonio
576 3720 883 3802 Paullino,
915 3723 1192 3807 diligenti
1226 3745 1301 3787 ac
1342 3722 1657 3786 moderato
1684 3722 1849 3801 duci,
1881 3722 2255 3807 approbant,
