2715 4316
1163 333 1508 377 Aemcom.
2206 318 2281 376 Ι71

388 482 620 568 quibus
679 484 867 546 moris
927 483 1137 546 illicita
1195 482 1419 559 mirari,
1477 504 1662 563 posse
1710 483 1896 545 etiam
1950 481 2065 545 sub
2109 481 2289 544 malis

388 585 777 669 principibus
835 605 1092 667 magnos
1149 585 1311 647 viros
1387 605 1571 646 esse:
1648 583 2140 667 obsequiumque
2214 604 2288 645 ac

387 685 785 760 modestiam,
843 686 896 747 si
953 685 1250 750 industria
1305 706 1380 747 ac
1436 685 1612 767 vigor
1675 683 1896 759 adsint,
1956 705 2032 746 eo
2088 682 2287 746 laudis

388 786 714 863 excedere,
769 808 893 869 quo
949 786 1224 871 plerique
1280 808 1395 871 per
1435 786 1712 867 abrupta,
1761 784 1872 848 sed
1929 786 1992 848 in
2049 784 2288 848 nullum

386 888 769 969 reipublicae
799 909 1006 960 usum,
1039 888 1367 950 ambitiosa
1394 899 1589 950 morte
1619 886 2052 949 inclaruerunt.

474 985 702 1049 XLIII.
762 988 935 1052 Finis
992 990 1152 1051 vitae
1226 988 1362 1072 ejus
1420 988 1598 1051 nobis
1670 988 2015 1064 luctuosuS,
2069 989 2287 1050 amicis

389 1090 605 1165 tristiS,
656 1089 959 1152 extraneis
1004 1090 1189 1152 etiam
1231 1089 1582 1173 ignotisque
1627 1110 1750 1151 non
1795 1089 1926 1150 sine
1972 1109 2120 1150 cura
2149 1088 2284 1151 fuit.

395 1189 641 1274 Vulgus
698 1212 944 1274 quoque
1002 1203 1065 1254 et
1120 1190 1221 1254 hic
1278 1190 1448 1254 aliud
1490 1212 1682 1275 agens
1724 1190 1991 1271 populus
2037 1201 2099 1252 et
2141 1211 2286 1253 ven-

390 1293 647 1355 titavere
676 1292 755 1355 ad
783 1292 1057 1367 domum,
1090 1304 1152 1355 et
1181 1314 1292 1374 per
1318 1292 1450 1355 fora
1480 1306 1542 1355 et
1571 1292 1836 1355 circulos
1881 1291 2072 1354 locuti
2103 1302 2283 1353 sunt:

390 1416 511 1457 nec
542 1395 870 1477 quisquam
914 1393 1120 1457 audita
1163 1406 1357 1457 morte
1389 1394 1716 1477 Agricolae
1762 1405 1869 1456 aut
1903 1392 2163 1455 laetatus
2194 1405 2288 1455 est

391 1508 502 1559 aut
560 1496 764 1559 statim
819 1495 1066 1558 oblituS.
1154 1496 1444 1579 Augebat
1485 1496 1945 1558 miserationem
2001 1508 2284 1557 constans

390 1619 622 1673 rumor,
685 1618 919 1660 veneno
982 1598 1415 1682 interceptum.
1526 1595 1726 1660 Nobis
1785 1596 1936 1660 nihil
1992 1597 2282 1678 comperti

391 1698 699 1762 affirmare
758 1700 1005 1762 ausim':
1066 1712 1342 1762 ceterum
1397 1721 1509 1780 per
1566 1720 1812 1762 omnem
1869 1699 2281 1763 valetudinem

392 1800 552 1885 ejus»,
585 1800 860 1863 crebrius
891 1822 1077 1884 quam
1121 1822 1199 1863 ex
1241 1823 1411 1863 more
1457 1801 1833 1881 principatus
1888 1823 1999 1885 per
2041 1803 2285 1863 nuntios

390 1902 671 1978 visentiS,
735 1914 796 1965 et
849 1901 1208 1965 libertorum
1276 1903 1460 1983 primi
1519 1913 1581 1964 et
1636 1901 2019 1965 medicorum
2089 1903 2286 1965 intimi

390 2025 618 2066 venere
649 2025 663 2066 :
713 2005 841 2067 sive
873 2025 1021 2067 cura
1049 2002 1201 2067 illud
1238 2005 1368 2067 sive
1400 2004 1712 2087 inquisitio
1742 2015 1890 2066 erat.
1982 2002 2286 2083 Supremo

391 2105 648 2189 quidem
698 2105 820 2182 die,
872 2118 1183 2169 momenta
1229 2105 1574 2169 deficientis
1622 2127 1732 2187 per
1773 2104 2105 2186 dispositos
2150 2125 2286 2168 cur·

363 2228 567 2302 ¹sores
599 2208 873 2270 nuntiata
915 2207 1251 2282 constabat,
1284 2206 1456 2269 nullo
1496 2207 1782 2270 credente
1815 2206 1904 2269 sic
1935 2205 2283 2283 accelerari,

391 2330 554 2392 quae
611 2309 801 2371 tristis
845 2307 1102 2371 audiret.
1195 2308 1485 2390 Speciem
1542 2320 1748 2372 tamen
1800 2308 2024 2371 doloris
2081 2308 2286 2371 animo
2379 2353 2394 2368 ,

391 2409 691 2493 vultuque
721 2431 865 2491 prae
898 2431 966 2471 se
999 2409 1156 2485 tulit,
1190 2431 1449 2473 securus
1479 2409 1607 2494 jam
1640 2410 1782 2486 odii,
1815 2424 1877 2473 et
1906 2412 2010 2494 qui
2041 2411 2284 2475 facilius

389 2510 809 2574 dissimularet
859 2511 1175 2595 gaudium,
1230 2533 1420 2595 quam
1475 2524 1732 2575 metum.
1822 2511 1987 2575 Satis
2045 2513 2285 2576 consta-

389 2611 515 2687 bat,
589 2612 752 2675 lecto
822 2624 1190 2675 testamento
1263 2613 1611 2695 Agricolae,
1686 2635 1810 2696 quo
1881 2613 2284 2677 cohaeredem

391 2714 658 2793 optimae
688 2714 862 2777 uxori
907 2726 970 2777 et
1010 2715 1327 2795 piissimae
1356 2714 1519 2778 filiae
1565 2712 1988 2779 Domitianum
2019 2718 2281 2800 scripsit,

387 2813 685 2877 laetatum
715 2835 863 2878 eum
903 2815 1076 2879 velut
1118 2814 1344 2878 honore
1387 2815 1743 2900 judicioque
1774 2838 1788 2878 :
1837 2830 1963 2880 tam
2006 2839 2194 2882 caeca
2224 2831 2284 2882 et

390 2927 679 3001 corrupta
720 2938 898 2980 mens
943 2916 1210 2981 assiduis
1255 2918 1706 2982 adulationibus
1744 2931 1890 2995 erat,
1922 2932 1992 2983 ut
2020 2921 2286 2983 nesciret

389 3040 426 3081 a
456 3018 618 3080 bono
659 3031 832 3099 patre
876 3041 998 3082 non
1043 3020 1228 3083 scribi
1268 3020 1618 3097 haeredem,
1649 3021 1768 3084 nisi
1799 3021 2032 3084 malum
2061 3022 2282 3103 princi-

387 3139 555 3200 pem.

476 3219 717 3285 XLIV.
804 3220 1009 3286 Natus
1068 3235 1198 3286 erat
1252 3223 1564 3307 Agricola,
1630 3223 1786 3287 Caio
1835 3222 2107 3286 Caesare
2164 3234 2282 3286 ter-

387 3323 544 3386 tium
585 3323 860 3400 consule,
908 3323 1123 3388 Idibus
1168 3323 1412 3389 Juniis:
1467 3327 1736 3389 excessit
1786 3337 1959 3389 sexto
2003 3337 2066 3388 et
2107 3326 2282 3409 quin·

386 3425 752 3507 quagesimo
796 3447 976 3503 ann0,
1023 3426 1266 3490 decimo
1309 3426 1629 3491 Kalendas
1677 3427 2082 3512 SeptembriS,
2135 3428 2281 3493 Col-

386 3530 525 3609 lega
554 3525 896 3610 Priscoque
941 3527 1322 3591 consulibus„
1412 3528 1601 3602 Quod
1631 3530 1684 3592 si
1714 3529 1992 3594 habitum
2034 3552 2278 3614 quoque

386 3627 522 3711 ejus
551 3629 783 3710 posteri
831 3650 1087 3692 noscere
1131 3629 1340 3706 velint,
1388 3630 1701 3694 decentior
1728 3654 1917 3715 quam
1961 3633 2281 3696 sublimior

388 3727 545 3801 fuit;
619 3728 772 3794 nihil
827 3743 1032 3794 metus
1089 3732 1153 3793 in
1208 3731 1404 3807 vultu,
1462 3731 1656 3815 gratia
1725 3734 1847 3796 oris
1919 3744 2278 3815 supererat;
