2715 4316
1145 374 1485 418 mmcom.
2180 363 2255 419 55

369 522 604 586 bellum
672 521 1048 599 inchoaturo,
1109 534 1171 585 et
1224 522 1536 605 plerisque
1608 522 1901 586 custodiri
1974 537 2259 604 suspecta

366 624 576 704 potius
622 622 961 699 videbatur,
1009 624 1095 684 ire
1141 618 1386 686 obviam
1430 621 1764 686 discrimini
1793 625 2071 686 statuit:
2119 646 2261 687 con-

367 726 704 807 tractisque
778 723 1092 807 legionum
1162 723 1404 786 vexillis
1463 735 1525 787 et
1584 724 1826 788 modica
1898 725 2262 790 auxiliorum

368 849 580 901 manu,
614 827 762 906 quia
805 827 868 888 in
912 847 1180 908 aequum
1223 818 1476 909 degredi
1511 825 1848 889 Ordovices
1899 849 2023 889 non
2072 827 2259 891 aude-

365 929 533 1003 bant,
570 930 704 1008 ipse
750 939 889 990 ante
935 949 1175 1011 agmen,
1208 949 1332 1010 quo
1378 928 1599 989 ceteris
1643 950 1753 1008 par
1796 929 2037 991 animus
2075 930 2259 992 simili

367 1030 646 1111 periculo
677 1042 861 1104 esset,
895 1031 1088 1091 erexit
1124 1030 1322 1091 aciem
1350 1050 1365 1090 :
1414 1049 1718 1112 caesaque
1758 1052 1945 1111 prope
1974 1033 2261 1093 universa

367 1143 575 1215 gente,
609 1152 730 1193 non
774 1131 1021 1214 ignarus
1071 1128 1425 1193 instandum
1462 1128 1683 1207 famae,
1716 1153 1809 1207 ac,
1840 1144 2020 1212 prout
2062 1133 2260 1212 prima

368 1233 729 1307 cessissent,
751 1237 1056 1292 terrorem
1077 1228 1304 1292 ceteris
1326 1228 1477 1312 fore,
1487 1228 1741 1293 Monam
1761 1230 2047 1310 insulam,
2082 1233 2259 1315 cujus

368 1333 767 1417 possessione
840 1344 1195 1394 revocatum
1250 1329 1609 1399 Paullinum
1678 1331 2009 1394 rebellione
2074 1333 2260 1396 totius

371 1433 726 1496 Britanniae
786 1455 970 1513 supra
1025 1434 1380 1509 memoravi,
1440 1432 1719 1517 redigere
1779 1435 1842 1495 in
1895 1446 2258 1514 potestatem

370 1536 581 1597 animo
638 1533 914 1597 intendit.
1005 1534 1151 1610 Sed,
1211 1546 1282 1597 ut
1339 1535 1403 1597 in
1457 1533 1661 1597 dubiis
1721 1536 2013 1612 consiliiS,
2072 1558 2259 1600 naves

370 1637 667 1707 deerant:
726 1637 880 1698 ratio
938 1648 998 1698 et
1055 1637 1394 1698 constantia
1450 1635 1627 1698 ducis
1691 1638 2041 1700 transvexit.
2131 1637 2259 1701 De-

369 1739 590 1819 positis
678 1738 963 1799 omnibus
1049 1738 1325 1813 sarciniS,
1408 1736 1779 1800 lectissimos
1852 1739 2256 1815 auxiliarium,

370 1841 600 1923 quibus
653 1853 796 1901 nota
839 1838 993 1900 vada
1039 1852 1099 1900 et
1140 1839 1373 1918 patrius
1430 1837 1611 1900 nandi
1669 1861 1843 1912 usus,
1899 1862 2021 1922 quo
2074 1839 2260 1902 simul

373 1963 568 2024 seque
616 1954 676 2004 et
719 1963 888 2002 arma
932 1953 994 2002 et
1037 1961 1228 2022 equos
1273 1952 1512 2023 regunt,
1560 1940 1643 2003 ita
1684 1952 1934 2022 repente
1979 1941 2253 2015 immisit,

371 2055 443 2105 ut
503 2042 908 2123 obstupefacti
966 2041 1195 2117 hosteS,
1243 2042 1347 2124 qui
1407 2042 1690 2118 classem,
1738 2042 1845 2124 qui
1895 2027 2102 2116 naveS‚
2150 2041 2257 2123 qui

370 2167 542 2208 mare
589 2144 1009 2227 expectabant,
1064 2143 1212 2207 nihil
1257 2143 1516 2207 arduum
1562 2156 1667 2207 aut
1710 2145 2008 2207 invictum
2065 2143 2259 2205 credi-

370 2246 571 2309 derint
601 2248 691 2309 sic
735 2246 812 2308 ad
854 2246 1089 2308 bellum
1132 2246 1542 2308 venientibus,
1633 2245 1727 2308 Ita
1770 2245 1959 2329 petita
2001 2265 2154 2328 pace
2186 2265 2259 2306 ac

371 2349 579 2411 dedita
650 2348 870 2423 insula,
930 2348 1132 2411 clarus
1191 2368 1264 2409 ac
1323 2364 1585 2430 magnus
1659 2347 1868 2409 haberi
1926 2346 2254 2430 Agricola:

371 2451 600 2533 quippe
652 2451 754 2512 cui
799 2448 1160 2533 ingredienti
1220 2449 1613 2529 provinciam,
1661 2449 1826 2532 quod
1868 2461 2111 2530 tempus
2156 2448 2259 2512 alii

371 2574 483 2633 per
520 2553 988 2614 ostentationem
1033 2563 1139 2613 aut
1183 2548 1525 2612 officiorum
1570 2550 1869 2612 ambitum
1897 2552 2255 2631 transigunt,

371 2655 545 2717 labor
589 2666 651 2716 et
692 2652 1038 2734 periculum
1094 2651 1451 2733 placuisset.
1538 2650 1679 2713 Nec
1735 2651 2042 2734 Agricola,
2088 2673 2258 2732 pros·

370 2758 628 2841 peritate
680 2777 885 2818 rerum
938 2756 1000 2817 in
1051 2755 1384 2817 vanitatem
1434 2775 1610 2829 usuS,
1661 2754 2109 2834 expeditionem
2155 2766 2259 2816 aut

370 2859 690 2921 victoriam
721 2856 979 2919 vocabat
1008 2857 1201 2918 victos
1233 2856 1608 2918 continuisse
1638 2876 1652 2917 :
1700 2876 1777 2917 ne
1808 2854 2093 2918 laureatis
2124 2856 2254 2938 qui-

371 2960 518 3021 dem
575 2972 750 3041 gesta
807 2970 1174 3039 prosecutus
1227 2969 1363 3019 est:
1427 2956 1537 3019 sed
1594 2958 1728 3038 ipsa
1772 2956 2257 3019 dissimulatione

373 3060 574 3123 famae
618 3061 847 3123 famam
880 3060 1080 3138 auxit,
1127 3059 1611 3135 aestimantibuS,
1644 3070 1869 3141 quanta
1911 3056 2101 3119 futuri
2149 3078 2257 3137 spe

372 3176 499 3224 tam
530 3183 752 3245 magna
781 3162 1098 3224 tacuisset.

460 3260 643 3325 XIX.
735 3262 1033 3326 Ceterum
1119 3262 1462 3323 animorum
1545 3260 1892 3341 provinciae
1966 3257 2256 3339 prudens,

373 3364 683 3447 simulque
728 3363 946 3426 doctus
996 3384 1106 3444 per
1162 3363 1361 3425 aliena
1405 3363 1819 3443 experimenta
1860 3382 2077 3445 parum
2121 3383 2258 3445 pro-

371 3466 475 3527 fici
535 3467 740 3542 armis,
789 3466 842 3528 si
900 3465 1153 3548 injuriae
1211 3476 1631 3547 sequerentur,
1679 3485 1900 3526 causas
1959 3463 2257 3527 bellorum

372 3568 584 3629 statuit
628 3566 932 3629 excidere.
1019 3567 1079 3629 A
1109 3587 1175 3628 se
1207 3566 1460 3648 suisque
1492 3562 1686 3641 orst1S‚
1717 3568 1977 3647 primum
2006 3566 2256 3630 domum

371 3690 551 3730 suam
604 3669 916 3745 coercuit:
964 3667 1129 3750 quod
1168 3666 1481 3748 plerisque
1535 3666 1697 3728 haud
1745 3669 1948 3729 minus
2002 3667 2259 3729 arduum

372 3783 488 3846 est,
550 3792 738 3853 quam
808 3769 1184 3851 provinciam
1258 3789 1491 3846 regei-c.
1602 3767 1772 3830 Nihil
1833 3790 1941 3847 per
2010 3769 2255 3830 libertos
