<?xml version="1.0" encoding="UTF-8"?>
<!DOCTYPE html PUBLIC "-//W3C//DTD XHTML 1.0 Transitional//EN"
    "http://www.w3.org/TR/xhtml1/DTD/xhtml1-transitional.dtd">
<html xmlns="http://www.w3.org/1999/xhtml" xml:lang="en" lang="en">
 <head>
  <title>
</title>
<meta http-equiv="Content-Type" content="text/html;charset=utf-8" />
  <meta name='ocr-system' content='tesseract 3.04.00' />
  <meta name='ocr-capabilities' content='ocr_page ocr_carea ocr_par ocr_line ocrx_word'/>
</head>
<body>
  <div class='ocr_page' id='page_1' title='image "./germaniaandagri07tacigoog_0086.png"; bbox 0 0 2715 4316; ppageno 0'>
   <div class='ocr_carea' id='block_1_1' title="bbox 1157 320 2268 380">
    <p class='ocr_par' dir='ltr' id='par_1_1' title="bbox 1157 320 2268 380">
     <span class='ocr_line' id='line_1_1' title="bbox 1157 320 2268 380; baseline 0 -3"><span class='ocrx_word' id='word_1_1' title='bbox 1157 333 1492 380; x_wconf 51' lang='lat' dir='ltr'>romeon.</span> <span class='ocrx_word' id='word_1_2' title='bbox 2185 320 2268 378; x_wconf 82' lang='lat'>69</span> 
     </span>
    </p>
   </div>
   <div class='ocr_carea' id='block_1_2' title="bbox 351 482 2305 3813">
    <p class='ocr_par' dir='ltr' id='par_1_2' title="bbox 367 482 2305 2774">
     <span class='ocr_line' id='line_1_2' title="bbox 373 482 2265 570; baseline -0.002 -20"><span class='ocrx_word' id='word_1_3' title='bbox 373 485 643 570; x_wconf 79' lang='lat' dir='ltr'><strong>addique</strong></span> <span class='ocrx_word' id='word_1_4' title='bbox 683 486 934 565; x_wconf 82' lang='lat' dir='ltr'>insuper</span> <span class='ocrx_word' id='word_1_5' title='bbox 977 483 1343 565; x_wconf 86' lang='lat' dir='ltr'>opinionem,</span> <span class='ocrx_word' id='word_1_6' title='bbox 1394 483 1636 562; x_wconf 82' lang='lat' dir='ltr'>Syriam</span> <span class='ocrx_word' id='word_1_7' title='bbox 1679 483 2055 563; x_wconf 87' lang='lat' dir='ltr'>provinciam</span> <span class='ocrx_word' id='word_1_8' title='bbox 2089 482 2265 566; x_wconf 87' lang='lat' dir='ltr'>Agri-</span> 
     </span>
     <span class='ocr_line' id='line_1_3' title="bbox 374 582 2264 660; baseline -0.002 -10"><span class='ocrx_word' id='word_1_9' title='bbox 374 588 551 650; x_wconf 84' lang='lat' dir='ltr'>colae</span> <span class='ocrx_word' id='word_1_10' title='bbox 596 586 908 660; x_wconf 88' lang='lat' dir='ltr'>destinari,</span> <span class='ocrx_word' id='word_1_11' title='bbox 954 606 1214 647; x_wconf 85' lang='lat' dir='ltr'>vacuam</span> <span class='ocrx_word' id='word_1_12' title='bbox 1270 597 1404 646; x_wconf 91' lang='lat' dir='ltr'>tum</span> <span class='ocrx_word' id='word_1_13' title='bbox 1460 596 1653 646; x_wconf 90' lang='lat' dir='ltr'>morte</span> <span class='ocrx_word' id='word_1_14' title='bbox 1700 583 1871 647; x_wconf 90' lang='lat' dir='ltr'>Atilii</span> <span class='ocrx_word' id='word_1_15' title='bbox 1914 582 2065 646; x_wconf 91' lang='lat' dir='ltr'>Rufi</span> <span class='ocrx_word' id='word_1_16' title='bbox 2120 605 2264 646; x_wconf 91' lang='lat' dir='ltr'>con-</span> 
     </span>
     <span class='ocr_line' id='line_1_4' title="bbox 375 683 2262 769; baseline -0.001 -20"><span class='ocrx_word' id='word_1_17' title='bbox 375 687 600 749; x_wconf 91' lang='lat' dir='ltr'>sularis</span> <span class='ocrx_word' id='word_1_18' title='bbox 640 698 702 749; x_wconf 91' lang='lat' dir='ltr'>et</span> <span class='ocrx_word' id='word_1_19' title='bbox 745 685 1076 768; x_wconf 86' lang='lat' dir='ltr'>majoribus</span> <span class='ocrx_word' id='word_1_20' title='bbox 1120 695 1514 746; x_wconf 84' lang='lat' dir='ltr'><strong>reservatam.</strong></span> <span class='ocrx_word' id='word_1_21' title='bbox 1609 683 1942 746; x_wconf 82' lang='lat' dir='ltr'>Credidere</span> <span class='ocrx_word' id='word_1_22' title='bbox 1986 684 2262 769; x_wconf 89' lang='lat' dir='ltr'>plerique</span> 
     </span>
     <span class='ocr_line' id='line_1_5' title="bbox 374 785 2263 859; baseline -0.001 -10"><span class='ocrx_word' id='word_1_23' title='bbox 374 786 667 849; x_wconf 91' lang='lat' dir='ltr'>libertum</span> <span class='ocrx_word' id='word_1_24' title='bbox 739 807 817 848; x_wconf 82' lang='lat' dir='ltr'>ex</span> <span class='ocrx_word' id='word_1_25' title='bbox 890 785 1321 847; x_wconf 88' lang='lat' dir='ltr'>secretioribus</span> <span class='ocrx_word' id='word_1_26' title='bbox 1406 785 1765 859; x_wconf 87' lang='lat' dir='ltr'>ministeriis</span> <span class='ocrx_word' id='word_1_27' title='bbox 1851 785 2113 847; x_wconf 87' lang='lat' dir='ltr'>missum</span> <span class='ocrx_word' id='word_1_28' title='bbox 2184 785 2263 848; x_wconf 90' lang='lat' dir='ltr'>ad</span> 
     </span>
     <span class='ocr_line' id='line_1_6' title="bbox 374 878 2260 970; baseline -0.001 -20"><span class='ocrx_word' id='word_1_29' title='bbox 374 889 753 970; x_wconf 82' lang='lat' dir='ltr'>Agricolam·</span> <span class='ocrx_word' id='word_1_30' title='bbox 778 886 1114 962; x_wconf 86' lang='lat' dir='ltr'>codicillos,</span> <span class='ocrx_word' id='word_1_31' title='bbox 1147 878 1374 969; x_wconf 86' lang='lat' dir='ltr'>quibus</span> <span class='ocrx_word' id='word_1_32' title='bbox 1420 885 1477 948; x_wconf 89' lang='lat' dir='ltr'>ei</span> <span class='ocrx_word' id='word_1_33' title='bbox 1525 885 1706 970; x_wconf 87' lang='lat' dir='ltr'>Syria</span> <span class='ocrx_word' id='word_1_34' title='bbox 1740 885 2012 963; x_wconf 90' lang='lat' dir='ltr'>dabatur,</span> <span class='ocrx_word' id='word_1_35' title='bbox 2045 885 2260 950; x_wconf 89' lang='lat' dir='ltr'>tulisse</span> 
     </span>
     <span class='ocr_line' id='line_1_7' title="bbox 372 985 2257 1073; baseline -0.001 -21"><span class='ocrx_word' id='word_1_36' title='bbox 372 1011 522 1052; x_wconf 91' lang='lat' dir='ltr'>cum</span> <span class='ocrx_word' id='word_1_37' title='bbox 567 1000 915 1073; x_wconf 90' lang='lat' dir='ltr'>praecept0,</span> <span class='ocrx_word' id='word_1_38' title='bbox 948 999 1035 1063; x_wconf 91' lang='lat' dir='ltr'>ut,</span> <span class='ocrx_word' id='word_1_39' title='bbox 1069 987 1122 1050; x_wconf 88' lang='lat' dir='ltr'>si</span> <span class='ocrx_word' id='word_1_40' title='bbox 1166 988 1230 1049; x_wconf 91' lang='lat' dir='ltr'>in</span> <span class='ocrx_word' id='word_1_41' title='bbox 1273 985 1589 1050; x_wconf 84' lang='lat' dir='ltr'>Britannia</span> <span class='ocrx_word' id='word_1_42' title='bbox 1631 985 1805 1063; x_wconf 89' lang='lat' dir='ltr'>foret,</span> <span class='ocrx_word' id='word_1_43' title='bbox 1837 986 2257 1050; x_wconf 89' lang='lat' dir='ltr'>traderentur:</span> 
     </span>
     <span class='ocr_line' id='line_1_8' title="bbox 373 1087 2261 1173; baseline 0 -21"><span class='ocrx_word' id='word_1_44' title='bbox 373 1111 646 1173; x_wconf 90' lang='lat' dir='ltr'>eumque</span> <span class='ocrx_word' id='word_1_45' title='bbox 730 1089 1017 1152; x_wconf 90' lang='lat' dir='ltr'>libertum</span> <span class='ocrx_word' id='word_1_46' title='bbox 1103 1089 1167 1150; x_wconf 91' lang='lat' dir='ltr'>in</span> <span class='ocrx_word' id='word_1_47' title='bbox 1251 1089 1386 1168; x_wconf 91' lang='lat' dir='ltr'>ipso</span> <span class='ocrx_word' id='word_1_48' title='bbox 1461 1088 1617 1150; x_wconf 88' lang='lat' dir='ltr'>freto</span> <span class='ocrx_word' id='word_1_49' title='bbox 1692 1087 1926 1151; x_wconf 85' lang='lat' dir='ltr'>Oceani</span> <span class='ocrx_word' id='word_1_50' title='bbox 2013 1088 2261 1152; x_wconf 88' lang='lat' dir='ltr'>obvium</span> 
     </span>
     <span class='ocr_line' id='line_1_9' title="bbox 376 1186 2261 1275; baseline 0 -23"><span class='ocrx_word' id='word_1_51' title='bbox 376 1191 724 1274; x_wconf 85' lang='lat' dir='ltr'>Agricolae,</span> <span class='ocrx_word' id='word_1_52' title='bbox 783 1212 861 1252; x_wconf 91' lang='lat' dir='ltr'>ne</span> <span class='ocrx_word' id='word_1_53' title='bbox 919 1189 1224 1275; x_wconf 89' lang='lat' dir='ltr'>appellato</span> <span class='ocrx_word' id='word_1_54' title='bbox 1268 1189 1520 1272; x_wconf 91' lang='lat' dir='ltr'>quidem</span> <span class='ocrx_word' id='word_1_55' title='bbox 1578 1210 1670 1266; x_wconf 89' lang='lat' dir='ltr'>e0,</span> <span class='ocrx_word' id='word_1_56' title='bbox 1716 1189 1796 1252; x_wconf 90' lang='lat' dir='ltr'>ad</span> <span class='ocrx_word' id='word_1_57' title='bbox 1838 1186 2261 1252; x_wconf 88' lang='lat' dir='ltr'>Domitianum</span> 
     </span>
     <span class='ocr_line' id='line_1_10' title="bbox 373 1290 2261 1373; baseline -0.001 -19"><span class='ocrx_word' id='word_1_58' title='bbox 373 1312 686 1355; x_wconf 87' lang='lat' dir='ltr'>remeasse</span> <span class='ocrx_word' id='word_1_59' title='bbox 717 1313 731 1353; x_wconf 73' lang='grc' dir='ltr'>ε</span> <span class='ocrx_word' id='word_1_60' title='bbox 781 1292 909 1354; x_wconf 86' lang='lat' dir='ltr'>sive</span> <span class='ocrx_word' id='word_1_61' title='bbox 953 1312 1172 1354; x_wconf 82' lang='lat' dir='ltr'>verum</span> <span class='ocrx_word' id='word_1_62' title='bbox 1215 1290 1399 1366; x_wconf 92' lang='lat' dir='ltr'>istud,</span> <span class='ocrx_word' id='word_1_63' title='bbox 1432 1291 1561 1353; x_wconf 88' lang='lat' dir='ltr'>sive</span> <span class='ocrx_word' id='word_1_64' title='bbox 1594 1312 1671 1352; x_wconf 85' lang='lat' dir='ltr'>ex</span> <span class='ocrx_word' id='word_1_65' title='bbox 1698 1291 1942 1373; x_wconf 86' lang='lat' dir='ltr'>ingenio</span> <span class='ocrx_word' id='word_1_66' title='bbox 1970 1291 2261 1371; x_wconf 90' lang='lat' dir='ltr'>principis</span> 
     </span>
     <span class='ocr_line' id='line_1_11' title="bbox 371 1391 2260 1475; baseline 0 -20"><span class='ocrx_word' id='word_1_67' title='bbox 371 1393 593 1456; x_wconf 91' lang='lat' dir='ltr'>fictum</span> <span class='ocrx_word' id='word_1_68' title='bbox 631 1415 704 1455; x_wconf 93' lang='lat' dir='ltr'>ac</span> <span class='ocrx_word' id='word_1_69' title='bbox 749 1393 1159 1474; x_wconf 87' lang='lat' dir='ltr'>compositum</span> <span class='ocrx_word' id='word_1_70' title='bbox 1204 1405 1318 1455; x_wconf 88' lang='lat' dir='ltr'>est.</span> <span class='ocrx_word' id='word_1_71' title='bbox 1408 1391 1771 1455; x_wconf 86' lang='lat' dir='ltr'>Tradiderat</span> <span class='ocrx_word' id='word_1_72' title='bbox 1812 1392 2053 1454; x_wconf 89' lang='lat' dir='ltr'>interim</span> <span class='ocrx_word' id='word_1_73' title='bbox 2082 1391 2260 1475; x_wconf 86' lang='lat' dir='ltr'>Agri-</span> 
     </span>
     <span class='ocr_line' id='line_1_12' title="bbox 371 1494 2259 1579; baseline 0.001 -23"><span class='ocrx_word' id='word_1_74' title='bbox 371 1494 510 1557; x_wconf 90' lang='lat' dir='ltr'>cola</span> <span class='ocrx_word' id='word_1_75' title='bbox 583 1495 926 1557; x_wconf 86' lang='lat' dir='ltr'>successori</span> <span class='ocrx_word' id='word_1_76' title='bbox 986 1516 1100 1557; x_wconf 90' lang='lat' dir='ltr'>suo</span> <span class='ocrx_word' id='word_1_77' title='bbox 1154 1494 1532 1579; x_wconf 90' lang='lat' dir='ltr'>provinciam</span> <span class='ocrx_word' id='word_1_78' title='bbox 1593 1495 1862 1576; x_wconf 85' lang='lat' dir='ltr'>quietam</span> <span class='ocrx_word' id='word_1_79' title='bbox 1920 1502 2259 1577; x_wconf 89' lang='lat' dir='ltr'>tutamque.</span> 
     </span>
     <span class='ocr_line' id='line_1_13' title="bbox 373 1594 2259 1677; baseline 0.001 -20"><span class='ocrx_word' id='word_1_80' title='bbox 373 1597 491 1672; x_wconf 91' lang='lat' dir='ltr'>Ac,</span> <span class='ocrx_word' id='word_1_81' title='bbox 524 1617 601 1658; x_wconf 91' lang='lat' dir='ltr'>ne</span> <span class='ocrx_word' id='word_1_82' title='bbox 631 1595 912 1659; x_wconf 88' lang='lat' dir='ltr'>notabilis</span> <span class='ocrx_word' id='word_1_83' title='bbox 957 1596 1307 1658; x_wconf 85' lang='lat' dir='ltr'>celebritate</span> <span class='ocrx_word' id='word_1_84' title='bbox 1340 1608 1402 1657; x_wconf 89' lang='lat' dir='ltr'>et</span> <span class='ocrx_word' id='word_1_85' title='bbox 1430 1594 1771 1677; x_wconf 88' lang='lat' dir='ltr'>frequentia</span> <span class='ocrx_word' id='word_1_86' title='bbox 1812 1597 2259 1659; x_wconf 90' lang='lat' dir='ltr'>occurrentium</span> 
     </span>
     <span class='ocr_line' id='line_1_14' title="bbox 373 1695 2260 1773; baseline 0.001 -15"><span class='ocrx_word' id='word_1_87' title='bbox 373 1697 653 1759; x_wconf 90' lang='lat' dir='ltr'>introitus</span> <span class='ocrx_word' id='word_1_88' title='bbox 727 1708 911 1772; x_wconf 89' lang='lat' dir='ltr'>esset,</span> <span class='ocrx_word' id='word_1_89' title='bbox 986 1697 1174 1759; x_wconf 88' lang='lat' dir='ltr'>vitato</span> <span class='ocrx_word' id='word_1_90' title='bbox 1245 1696 1585 1773; x_wconf 90' lang='lat' dir='ltr'>amicorum</span> <span class='ocrx_word' id='word_1_91' title='bbox 1658 1695 1880 1772; x_wconf 93' lang='lat' dir='ltr'>offici0,</span> <span class='ocrx_word' id='word_1_92' title='bbox 1939 1710 2124 1760; x_wconf 92' lang='lat' dir='ltr'>noctu</span> <span class='ocrx_word' id='word_1_93' title='bbox 2196 1698 2260 1760; x_wconf 90' lang='lat' dir='ltr'>in</span> 
     </span>
     <span class='ocr_line' id='line_1_15' title="bbox 370 1797 2255 1881; baseline 0.001 -22"><span class='ocrx_word' id='word_1_94' title='bbox 370 1797 612 1871; x_wconf 89' lang='lat' dir='ltr'>urbem,</span> <span class='ocrx_word' id='word_1_95' title='bbox 659 1811 843 1861; x_wconf 91' lang='lat' dir='ltr'>noctu</span> <span class='ocrx_word' id='word_1_96' title='bbox 888 1799 950 1861; x_wconf 92' lang='lat' dir='ltr'>in</span> <span class='ocrx_word' id='word_1_97' title='bbox 1011 1798 1326 1879; x_wconf 85' lang='lat' dir='ltr'>palatium,</span> <span class='ocrx_word' id='word_1_98' title='bbox 1388 1798 1473 1861; x_wconf 86' lang='lat' dir='ltr'>ita</span> <span class='ocrx_word' id='word_1_99' title='bbox 1530 1809 1597 1861; x_wconf 94' lang='lat' dir='ltr'>ut</span> <span class='ocrx_word' id='word_1_100' title='bbox 1655 1810 2051 1881; x_wconf 89' lang='lat' dir='ltr'>praeceptum</span> <span class='ocrx_word' id='word_1_101' title='bbox 2108 1811 2255 1875; x_wconf 89' lang='lat' dir='ltr'>erat,</span> 
     </span>
     <span class='ocr_line' id='line_1_16' title="bbox 370 1898 2256 1983; baseline 0.001 -23"><span class='ocrx_word' id='word_1_102' title='bbox 370 1900 583 1961; x_wconf 86' lang='lat' dir='ltr'>venit:</span> <span class='ocrx_word' id='word_1_103' title='bbox 659 1912 1076 1983; x_wconf 84' lang='lat' dir='ltr'>exceptusque</span> <span class='ocrx_word' id='word_1_104' title='bbox 1133 1900 1305 1962; x_wconf 89' lang='lat' dir='ltr'>brevi</span> <span class='ocrx_word' id='word_1_105' title='bbox 1363 1899 1577 1962; x_wconf 91' lang='lat' dir='ltr'>osculo</span> <span class='ocrx_word' id='word_1_106' title='bbox 1635 1911 1697 1962; x_wconf 90' lang='lat' dir='ltr'>et</span> <span class='ocrx_word' id='word_1_107' title='bbox 1752 1898 1920 1962; x_wconf 91' lang='lat' dir='ltr'>nullo</span> <span class='ocrx_word' id='word_1_108' title='bbox 1978 1921 2256 1962; x_wconf 90' lang='lat' dir='ltr'>sermone</span> 
     </span>
     <span class='ocr_line' id='line_1_17' title="bbox 370 1999 2257 2080; baseline 0.001 -19"><span class='ocrx_word' id='word_1_109' title='bbox 370 1999 587 2062; x_wconf 87' lang='lat' dir='ltr'>turbae</span> <span class='ocrx_word' id='word_1_110' title='bbox 633 2001 1027 2063; x_wconf 84' lang='lat' dir='ltr'>servientium</span> <span class='ocrx_word' id='word_1_111' title='bbox 1074 2001 1389 2063; x_wconf 86' lang='lat' dir='ltr'>immixtus</span> <span class='ocrx_word' id='word_1_112' title='bbox 1436 2013 1550 2064; x_wconf 89' lang='lat' dir='ltr'>est.</span> <span class='ocrx_word' id='word_1_113' title='bbox 1643 1999 1958 2076; x_wconf 84' lang='lat' dir='ltr'>Ceterum,</span> <span class='ocrx_word' id='word_1_114' title='bbox 1989 2013 2059 2080; x_wconf 82' lang='lat' dir='ltr'>ut</span> <span class='ocrx_word' id='word_1_115' title='bbox 2100 2001 2257 2063; x_wconf 91' lang='lat' dir='ltr'>mili-</span> 
     </span>
     <span class='ocr_line' id='line_1_18' title="bbox 368 2101 2257 2186; baseline 0.001 -22"><span class='ocrx_word' id='word_1_116' title='bbox 368 2112 787 2179; x_wconf 81' lang='lat' dir='ltr'>tarenomen,</span> <span class='ocrx_word' id='word_1_117' title='bbox 833 2123 1017 2186; x_wconf 86' lang='lat' dir='ltr'>grave</span> <span class='ocrx_word' id='word_1_118' title='bbox 1063 2102 1218 2165; x_wconf 89' lang='lat' dir='ltr'>inter</span> <span class='ocrx_word' id='word_1_119' title='bbox 1261 2103 1510 2177; x_wconf 87' lang='lat' dir='ltr'>otiosos,</span> <span class='ocrx_word' id='word_1_120' title='bbox 1558 2102 1694 2165; x_wconf 89' lang='lat' dir='ltr'>aliis</span> <span class='ocrx_word' id='word_1_121' title='bbox 1736 2101 2070 2165; x_wconf 50' lang='lat' dir='ltr'>virtutibus&gt;</span> <span class='ocrx_word' id='word_1_122' title='bbox 2105 2114 2257 2165; x_wconf 88' lang='lat' dir='ltr'>tem-</span> 
     </span>
     <span class='ocr_line' id='line_1_19' title="bbox 367 2204 2255 2288; baseline 0 -23"><span class='ocrx_word' id='word_1_123' title='bbox 367 2215 630 2284; x_wconf 86' lang='lat' dir='ltr'>peraret,</span> <span class='ocrx_word' id='word_1_124' title='bbox 689 2205 1188 2287; x_wconf 79' lang='lat' dir='ltr'>tranquillitatem</span> <span class='ocrx_word' id='word_1_125' title='bbox 1245 2217 1430 2288; x_wconf 90' lang='lat' dir='ltr'>atque</span> <span class='ocrx_word' id='word_1_126' title='bbox 1504 2205 1696 2267; x_wconf 89' lang='lat' dir='ltr'>otium</span> <span class='ocrx_word' id='word_1_127' title='bbox 1751 2204 2002 2285; x_wconf 87' lang='lat' dir='ltr'>penitus</span> <span class='ocrx_word' id='word_1_128' title='bbox 2069 2204 2255 2280; x_wconf 87' lang='lat' dir='ltr'>auxit,</span> 
     </span>
     <span class='ocr_line' id='line_1_20' title="bbox 369 2300 2305 2382; baseline 0 -14"><span class='ocrx_word' id='word_1_129' title='bbox 369 2305 543 2368; x_wconf 89' lang='lat' dir='ltr'>cultu</span> <span class='ocrx_word' id='word_1_130' title='bbox 601 2305 900 2381; x_wconf 83' lang='lat' dir='ltr'>modicuS,</span> <span class='ocrx_word' id='word_1_131' title='bbox 949 2327 1229 2368; x_wconf 86' lang='lat' dir='ltr'>sermone</span> <span class='ocrx_word' id='word_1_132' title='bbox 1275 2300 1500 2382; x_wconf 54' lang='lat' dir='ltr'>fa&#39;ciliS,</span> <span class='ocrx_word' id='word_1_133' title='bbox 1541 2327 1665 2369; x_wconf 88' lang='lat' dir='ltr'>uno</span> <span class='ocrx_word' id='word_1_134' title='bbox 1722 2317 1827 2369; x_wconf 88' lang='lat' dir='ltr'>aut</span> <span class='ocrx_word' id='word_1_135' title='bbox 1878 2305 2065 2368; x_wconf 88' lang='lat' dir='ltr'>altero</span> <span class='ocrx_word' id='word_1_136' title='bbox 2108 2306 2258 2368; x_wconf 86' lang='lat' dir='ltr'>ami·</span> <span class='ocrx_word' id='word_1_137' title='bbox 2301 2379 2305 2382; x_wconf 21' lang='lat'>¹</span> 
     </span>
     <span class='ocr_line' id='line_1_21' title="bbox 369 2407 2257 2492; baseline 0.001 -23"><span class='ocrx_word' id='word_1_138' title='bbox 369 2428 586 2470; x_wconf 92' lang='lat' dir='ltr'>corum</span> <span class='ocrx_word' id='word_1_139' title='bbox 639 2408 1012 2484; x_wconf 90' lang='lat' dir='ltr'>comitatus;</span> <span class='ocrx_word' id='word_1_140' title='bbox 1073 2407 1227 2470; x_wconf 91' lang='lat' dir='ltr'>adeo</span> <span class='ocrx_word' id='word_1_141' title='bbox 1284 2420 1354 2471; x_wconf 94' lang='lat' dir='ltr'>ut</span> <span class='ocrx_word' id='word_1_142' title='bbox 1410 2407 1686 2492; x_wconf 84' lang='lat' dir='ltr'>plerique</span> <span class='ocrx_word' id='word_1_143' title='bbox 1731 2409 1957 2491; x_wconf 91' lang='lat' dir='ltr'>quibus</span> <span class='ocrx_word' id='word_1_144' title='bbox 2001 2429 2257 2491; x_wconf 86' lang='lat' dir='ltr'>magnos</span> 
     </span>
     <span class='ocr_line' id='line_1_22' title="bbox 371 2509 2255 2590; baseline 0.002 -20"><span class='ocrx_word' id='word_1_145' title='bbox 371 2510 534 2571; x_wconf 87' lang='lat' dir='ltr'>viros</span> <span class='ocrx_word' id='word_1_146' title='bbox 562 2529 673 2590; x_wconf 88' lang='lat' dir='ltr'>per</span> <span class='ocrx_word' id='word_1_147' title='bbox 700 2509 1098 2572; x_wconf 88' lang='lat' dir='ltr'>ambitionem</span> <span class='ocrx_word' id='word_1_148' title='bbox 1141 2510 1463 2572; x_wconf 89' lang='lat' dir='ltr'>aestimare</span> <span class='ocrx_word' id='word_1_149' title='bbox 1508 2531 1644 2572; x_wconf 91' lang='lat' dir='ltr'>mos</span> <span class='ocrx_word' id='word_1_150' title='bbox 1675 2521 1788 2585; x_wconf 89' lang='lat' dir='ltr'>est,</span> <span class='ocrx_word' id='word_1_151' title='bbox 1819 2510 1953 2572; x_wconf 85' lang='lat' dir='ltr'>viso</span> <span class='ocrx_word' id='word_1_152' title='bbox 1983 2522 2255 2590; x_wconf 88' lang='lat' dir='ltr'>aspecto-</span> 
     </span>
     <span class='ocr_line' id='line_1_23' title="bbox 367 2610 2258 2694; baseline 0.001 -22"><span class='ocrx_word' id='word_1_153' title='bbox 367 2632 491 2694; x_wconf 91' lang='lat' dir='ltr'>que</span> <span class='ocrx_word' id='word_1_154' title='bbox 566 2610 873 2694; x_wconf 88' lang='lat' dir='ltr'>Agricola,</span> <span class='ocrx_word' id='word_1_155' title='bbox 933 2623 1293 2694; x_wconf 88' lang='lat' dir='ltr'>quaererent</span> <span class='ocrx_word' id='word_1_156' title='bbox 1348 2611 1597 2688; x_wconf 90' lang='lat' dir='ltr'>famam,</span> <span class='ocrx_word' id='word_1_157' title='bbox 1655 2611 1839 2692; x_wconf 90' lang='lat' dir='ltr'>pauci</span> <span class='ocrx_word' id='word_1_158' title='bbox 1909 2611 2258 2692; x_wconf 87' lang='lat' dir='ltr'>interpreta-</span> 
     </span>
     <span class='ocr_line' id='line_1_24' title="bbox 368 2725 1285 2774; baseline 0.001 -1"><span class='ocrx_word' id='word_1_159' title='bbox 368 2725 595 2774; x_wconf 89' lang='lat' dir='ltr'>rentur.</span> <span class='ocrx_word' id='word_1_160' title='bbox 656 2735 659 2736; x_wconf 65' lang='grc'>’</span> <span class='ocrx_word' id='word_1_161' title='bbox 1282 2735 1285 2736; x_wconf 65' lang='grc'>’</span> 
     </span>
    </p>

    <p class='ocr_par' dir='ltr' id='par_1_3' title="bbox 351 2809 2260 3813">
     <span class='ocr_line' id='line_1_25' title="bbox 454 2809 2257 2895; baseline 0.002 -22"><span class='ocrx_word' id='word_1_162' title='bbox 454 2809 621 2876; x_wconf 91' lang='lat' dir='ltr'>XLI.</span> <span class='ocrx_word' id='word_1_163' title='bbox 672 2812 899 2876; x_wconf 90' lang='lat' dir='ltr'>Crebro</span> <span class='ocrx_word' id='word_1_164' title='bbox 918 2834 1030 2894; x_wconf 89' lang='lat' dir='ltr'>per</span> <span class='ocrx_word' id='word_1_165' title='bbox 1072 2835 1180 2877; x_wconf 91' lang='lat' dir='ltr'>eos</span> <span class='ocrx_word' id='word_1_166' title='bbox 1211 2814 1344 2877; x_wconf 91' lang='lat' dir='ltr'>dies</span> <span class='ocrx_word' id='word_1_167' title='bbox 1389 2814 1552 2895; x_wconf 90' lang='lat' dir='ltr'>apud</span> <span class='ocrx_word' id='word_1_168' title='bbox 1582 2813 2004 2877; x_wconf 80' lang='lat' dir='ltr'>Domitianum</span> <span class='ocrx_word' id='word_1_169' title='bbox 2035 2814 2257 2877; x_wconf 89' lang='lat' dir='ltr'>absens</span> 
     </span>
     <span class='ocr_line' id='line_1_26' title="bbox 368 2915 2259 2998; baseline 0.001 -21"><span class='ocrx_word' id='word_1_170' title='bbox 368 2926 722 2990; x_wconf 80' lang='lat' dir='ltr'>accusatuS,</span> <span class='ocrx_word' id='word_1_171' title='bbox 752 2915 976 2978; x_wconf 89' lang='lat' dir='ltr'>absens</span> <span class='ocrx_word' id='word_1_172' title='bbox 1021 2915 1339 2979; x_wconf 90' lang='lat' dir='ltr'>absolutus</span> <span class='ocrx_word' id='word_1_173' title='bbox 1386 2928 1500 2979; x_wconf 91' lang='lat' dir='ltr'>est.</span> <span class='ocrx_word' id='word_1_174' title='bbox 1593 2916 1803 2979; x_wconf 88' lang='lat' dir='ltr'>Causa</span> <span class='ocrx_word' id='word_1_175' title='bbox 1850 2916 2108 2998; x_wconf 91' lang='lat' dir='ltr'>periculi</span> <span class='ocrx_word' id='word_1_176' title='bbox 2138 2938 2259 2978; x_wconf 94' lang='lat' dir='ltr'>non</span> 
     </span>
     <span class='ocr_line' id='line_1_27' title="bbox 368 3015 2257 3102; baseline 0.001 -24"><span class='ocrx_word' id='word_1_177' title='bbox 368 3017 604 3079; x_wconf 90' lang='lat' dir='ltr'>crimen</span> <span class='ocrx_word' id='word_1_178' title='bbox 648 3015 846 3080; x_wconf 88' lang='lat' dir='ltr'>ullum</span> <span class='ocrx_word' id='word_1_179' title='bbox 902 3028 1009 3079; x_wconf 91' lang='lat' dir='ltr'>aut</span> <span class='ocrx_word' id='word_1_180' title='bbox 1051 3018 1301 3100; x_wconf 89' lang='lat' dir='ltr'>querela</span> <span class='ocrx_word' id='word_1_181' title='bbox 1354 3017 1509 3081; x_wconf 88' lang='lat' dir='ltr'>laesi</span> <span class='ocrx_word' id='word_1_182' title='bbox 1567 3018 1951 3102; x_wconf 87' lang='lat' dir='ltr'>cujusquam,</span> <span class='ocrx_word' id='word_1_183' title='bbox 2001 3017 2112 3080; x_wconf 91' lang='lat' dir='ltr'>sed</span> <span class='ocrx_word' id='word_1_184' title='bbox 2169 3019 2257 3079; x_wconf 89' lang='lat' dir='ltr'>in-</span> 
     </span>
     <span class='ocr_line' id='line_1_28' title="bbox 368 3117 2259 3203; baseline 0.001 -23"><span class='ocrx_word' id='word_1_185' title='bbox 368 3117 585 3180; x_wconf 88' lang='lat' dir='ltr'>fensus</span> <span class='ocrx_word' id='word_1_186' title='bbox 616 3118 944 3186; x_wconf 86' lang='lat' dir='ltr'>virtutibus</span> <span class='ocrx_word' id='word_1_187' title='bbox 990 3119 1276 3202; x_wconf 90' lang='lat' dir='ltr'>princeps</span> <span class='ocrx_word' id='word_1_188' title='bbox 1321 3131 1383 3183; x_wconf 91' lang='lat' dir='ltr'>et</span> <span class='ocrx_word' id='word_1_189' title='bbox 1425 3120 1618 3203; x_wconf 87' lang='lat' dir='ltr'>gloria</span> <span class='ocrx_word' id='word_1_190' title='bbox 1647 3120 1757 3182; x_wconf 90' lang='lat' dir='ltr'>viri</span> <span class='ocrx_word' id='word_1_191' title='bbox 1803 3140 1876 3180; x_wconf 84' lang='lat' dir='ltr'>ac</span> <span class='ocrx_word' id='word_1_192' title='bbox 1915 3120 2259 3199; x_wconf 89' lang='lat' dir='ltr'>pessimum</span> 
     </span>
     <span class='ocr_line' id='line_1_29' title="bbox 351 3218 2259 3303; baseline 0.002 -24"><span class='ocrx_word' id='word_1_193' title='bbox 351 3218 763 3291; x_wconf 52' lang='lat' dir='ltr'>,inimicorum</span> <span class='ocrx_word' id='word_1_194' title='bbox 820 3240 1041 3303; x_wconf 80' lang='lat' dir='ltr'>genuS,</span> <span class='ocrx_word' id='word_1_195' title='bbox 1091 3219 1430 3283; x_wconf 64' lang='lat' dir='ltr'>laudantes</span> <span class='ocrx_word' id='word_1_196' title='bbox 1518 3220 1605 3283; x_wconf 91' lang='lat' dir='ltr'>Et</span> <span class='ocrx_word' id='word_1_197' title='bbox 1648 3241 1723 3282; x_wconf 87' lang='lat' dir='ltr'>ea</span> <span class='ocrx_word' id='word_1_198' title='bbox 1780 3221 2059 3281; x_wconf 87' lang='lat' dir='ltr'>insecuta</span> <span class='ocrx_word' id='word_1_199' title='bbox 2115 3231 2259 3282; x_wconf 88' lang='lat' dir='ltr'>sunt</span> 
     </span>
     <span class='ocr_line' id='line_1_30' title="bbox 368 3318 2258 3405; baseline 0.001 -24"><span class='ocrx_word' id='word_1_200' title='bbox 368 3318 746 3400; x_wconf 87' lang='lat' dir='ltr'>reipublicae</span> <span class='ocrx_word' id='word_1_201' title='bbox 792 3333 1084 3401; x_wconf 90' lang='lat' dir='ltr'>tempora,</span> <span class='ocrx_word' id='word_1_202' title='bbox 1132 3342 1289 3403; x_wconf 90' lang='lat' dir='ltr'>quae</span> <span class='ocrx_word' id='word_1_203' title='bbox 1336 3322 1502 3385; x_wconf 92' lang='lat' dir='ltr'>sileri</span> <span class='ocrx_word' id='word_1_204' title='bbox 1548 3320 1903 3405; x_wconf 87' lang='lat' dir='ltr'>Agricolam</span> <span class='ocrx_word' id='word_1_205' title='bbox 1946 3341 2065 3381; x_wconf 93' lang='lat' dir='ltr'>non</span> <span class='ocrx_word' id='word_1_206' title='bbox 2098 3321 2258 3383; x_wconf 90' lang='lat' dir='ltr'>sine-</span> 
     </span>
     <span class='ocr_line' id='line_1_31' title="bbox 368 3421 2260 3507; baseline 0.003 -25"><span class='ocrx_word' id='word_1_207' title='bbox 368 3433 504 3483; x_wconf 88' lang='lat' dir='ltr'>rent</span> <span class='ocrx_word' id='word_1_208' title='bbox 530 3442 561 3498; x_wconf 30' lang='lat'>:-</span> <span class='ocrx_word' id='word_1_209' title='bbox 609 3433 695 3483; x_wconf 90' lang='lat' dir='ltr'>tot</span> <span class='ocrx_word' id='word_1_210' title='bbox 738 3424 1043 3486; x_wconf 86' lang='lat' dir='ltr'>exercitus</span> <span class='ocrx_word' id='word_1_211' title='bbox 1087 3424 1151 3485; x_wconf 89' lang='lat' dir='ltr'>in</span> <span class='ocrx_word' id='word_1_212' title='bbox 1195 3422 1439 3498; x_wconf 87' lang='lat' dir='ltr'>Moesia</span> <span class='ocrx_word' id='word_1_213' title='bbox 1481 3421 1801 3507; x_wconf 90' lang='lat' dir='ltr'>Daciaque</span> <span class='ocrx_word' id='word_1_214' title='bbox 1832 3435 1894 3486; x_wconf 93' lang='lat' dir='ltr'>et</span> <span class='ocrx_word' id='word_1_215' title='bbox 1925 3421 2260 3487; x_wconf 88' lang='lat' dir='ltr'>Germania</span> 
     </span>
     <span class='ocr_line' id='line_1_32' title="bbox 369 3520 2258 3609; baseline 0.003 -25"><span class='ocrx_word' id='word_1_216' title='bbox 369 3520 832 3607; x_wconf 85' lang='lat' dir='ltr'>Pannoniaque,</span> <span class='ocrx_word' id='word_1_217' title='bbox 891 3525 1234 3600; x_wconf 85' lang='lat' dir='ltr'>temeritate</span> <span class='ocrx_word' id='word_1_218' title='bbox 1306 3537 1413 3589; x_wconf 90' lang='lat' dir='ltr'>aut</span> <span class='ocrx_word' id='word_1_219' title='bbox 1482 3547 1593 3607; x_wconf 91' lang='lat' dir='ltr'>per</span> <span class='ocrx_word' id='word_1_220' title='bbox 1662 3527 1970 3609; x_wconf 86' lang='lat' dir='ltr'>ignaviam</span> <span class='ocrx_word' id='word_1_221' title='bbox 2025 3524 2258 3589; x_wconf 90' lang='lat' dir='ltr'>ducum</span> 
     </span>
     <span class='ocr_line' id='line_1_33' title="bbox 370 3624 2259 3700; baseline 0.002 -15"><span class='ocrx_word' id='word_1_222' title='bbox 370 3624 623 3686; x_wconf 87' lang='lat' dir='ltr'>amissi:</span> <span class='ocrx_word' id='word_1_223' title='bbox 699 3636 788 3687; x_wconf 92' lang='lat' dir='ltr'>tot</span> <span class='ocrx_word' id='word_1_224' title='bbox 859 3624 1152 3688; x_wconf 87' lang='lat' dir='ltr'>militares</span> <span class='ocrx_word' id='word_1_225' title='bbox 1209 3626 1323 3688; x_wconf 83' lang='lat' dir='ltr'>viri</span> <span class='ocrx_word' id='word_1_226' title='bbox 1397 3647 1568 3700; x_wconf 11' lang='lat' dir='ltr'>cum,</span> <span class='ocrx_word' id='word_1_227' title='bbox 1600 3637 1688 3689; x_wconf 93' lang='lat' dir='ltr'>tot</span> <span class='ocrx_word' id='word_1_228' title='bbox 1744 3626 2096 3690; x_wconf 90' lang='lat' dir='ltr'>cohortibus</span> <span class='ocrx_word' id='word_1_229' title='bbox 2155 3648 2259 3689; x_wconf 85' lang='lat' dir='ltr'>ex-</span> 
     </span>
     <span class='ocr_line' id='line_1_34' title="bbox 368 3726 2254 3813; baseline 0.002 -25"><span class='ocrx_word' id='word_1_230' title='bbox 368 3726 625 3808; x_wconf 85' lang='lat' dir='ltr'>pugnati</span> <span class='ocrx_word' id='word_1_231' title='bbox 670 3738 732 3789; x_wconf 89' lang='lat' dir='ltr'>et</span> <span class='ocrx_word' id='word_1_232' title='bbox 781 3727 983 3809; x_wconf 88' lang='lat' dir='ltr'>capti:</span> <span class='ocrx_word' id='word_1_233' title='bbox 1029 3748 1147 3790; x_wconf 89' lang='lat' dir='ltr'>nec</span> <span class='ocrx_word' id='word_1_234' title='bbox 1182 3728 1312 3813; x_wconf 87' lang='lat' dir='ltr'>jam</span> <span class='ocrx_word' id='word_1_235' title='bbox 1354 3726 1433 3791; x_wconf 91' lang='lat' dir='ltr'>de</span> <span class='ocrx_word' id='word_1_236' title='bbox 1477 3726 1672 3791; x_wconf 89' lang='lat' dir='ltr'>limite</span> <span class='ocrx_word' id='word_1_237' title='bbox 1716 3728 1957 3810; x_wconf 89' lang='lat' dir='ltr'>imperii</span> <span class='ocrx_word' id='word_1_238' title='bbox 2001 3741 2063 3792; x_wconf 89' lang='lat' dir='ltr'>et</span> <span class='ocrx_word' id='word_1_239' title='bbox 2104 3729 2254 3809; x_wconf 88' lang='lat' dir='ltr'>ripa,</span> 
     </span>
    </p>
   </div>
  </div>
 </body>
</html>
