2715 4316
1160 376 1501 419 aemcom.
2196 361 2279 418 65

392 536 558 609 gate.
647 523 701 588 Ii
757 535 917 599 sunt,
964 545 1118 607 quos
1175 525 1450 604 proximo
1506 546 1682 598 anno,
1730 546 1917 586 unam
1971 523 2276 606 legionem

393 625 556 689 furto
600 626 1189 708 noctisvaggressoffi
1223 625 1489 686 clamore
1519 624 1912 687 debellastis:
1960 626 2001 687 ii
2046 636 2274 687 cetero-

392 748 532 789 rum
564 726 993 789 Britannorum
1037 725 1446 808 fugacissimi,
1479 725 1738 808 ideoque
1770 739 1895 787 tam
1922 725 2028 787 diu
2067 747 2273 805 super-

397 829 595 889 stites,
728 826 1055 899 Quomodo
1140 825 1324 887 silvas
1415 826 1727 908 saltusque
1822 826 2274 910 penetrantibus

395 927 803 990 fortissimum
848 926 1132 1009 quodque
1190 926 1413 988 animal
1460 937 1669 988 contra
1709 948 1907 1001 ruere,
1953 926 2171 1007 pavida
2217 939 2272 989 et

393 1028 614 1090 inertia
684 1028 820 1113 ipso
891 1028 1152 1110 agminis
1227 1048 1378 1089 sono
1447 1027 1771 1108 pelluntur,
1843 1029 1933 1089 sic
1998 1029 2271 1090 acerrimi

396 1127 830 1191 Britannorum
894 1129 1022 1212 jam
1079 1128 1315 1209 pridem
1374 1128 1776 1203 ceciderunt:
1850 1129 2123 1212 reliquus
2183 1144 2272 1192 est

395 1251 694 1292 numerus
739 1230 1097 1313 ignavorum
1143 1243 1203 1292 et
1246 1228 1695 1305 metuentium3
1742 1226 1898 1313 quos
1943 1229 2106 1311 quod
2148 1241 2274 1292 tan-

396 1330 539 1391 dem
588 1331 922 1405 invenistiS,
957 1353 1073 1392 non
1120 1332 1484 1405 restiterunt,
1533 1330 1641 1392 sed
1685 1329 2048 1414 deprehensi
2094 1344 2273 1392 sunt:

395 1432 765 1492 novissimae
837 1453 935 1493 res
995 1444 1056 1493 et
1113 1445 1384 1493 extremo
1454 1443 1623 1493 metu
1697 1453 1944 1511 corpora
2010 1430 2273 1493 defixere

396 1533 597 1593 aciem
643 1533 700 1593 in
748 1532 841 1593 his
901 1533 1198 1614 vestigiiS,
1246 1533 1307 1594 in
1352 1533 1576 1615 quibus
1636 1532 1950 1612 pulchram
1996 1545 2057 1594 et
2101 1554 2275 1613 spec·

396 1632 644 1693 tabilein
693 1634 1009 1711 victoriam
1046 1633 1350 1709 ederetis,
1440 1632 1789 1715 Transigite
1843 1655 1984 1695 cum
2031 1634 2273 1713 expedi-

395 1733 703 1794 tionibus:
752 1735 1041 1813 imponite
1073 1734 1512 1817 quinquaginta
1541 1735 1712 1795 annis
1742 1756 2033 1817 magnum
2064 1735 2227 1796 diem
2255 1760 2269 1796 :

397 1834 728 1918 approbate
796 1834 1167 1914 reipublicae
1240 1855 1554 1916 nunquam
1627 1836 1916 1896 exercitui
1991 1835 2271 1914 imputari

398 1935 671 2016 potuisse
703 1947 807 1996 aut
834 1956 1034 1995 moras
1065 1934 1210 1997 belli
1241 1946 1346 1998 aut
1377 1957 1598 1997 causas
1627 1935 2020 1997 rebellandi.”

481 2032 742 2099 XXXV.
801 2035 888 2098 Et
955 2035 1300 2118 alloquente
1370 2035 1570 2099 adhuc
1637 2036 1942 2119 Agricola,
2011 2036 2274 2098 militurn

397 2138 574 2202 ardor
629 2138 956 2214 eminebat,
1017 2150 1078 2201 et
1134 2139 1322 2202 finem
1382 2140 1665 2202 orationis
1723 2141 1938 2223 ingens
1998 2138 2275 2201 alacritas

398 2254 728 2304 consecuta
758 2256 871 2317 est,
904 2242 1230 2324 statimque
1261 2241 1338 2304 ad
1369 2263 1537 2312 arma
1563 2242 1932 2304 discursum.
2020 2239 2277 2303 Instinc-

399 2355 494 2405 tos
537 2355 908 2425 ruentesque
954 2343 1035 2405 ita
1071 2342 1390 2424 disposuit,
1422 2354 1492 2405 ut
1520 2342 1798 2426 peditum
1842 2342 2086 2417 auxilia,
2118 2363 2276 2425 quae

399 2455 536 2506 octo
595 2444 785 2506 millia
829 2456 1015 2518 erant,
1064 2443 1329 2506 mediam
1376 2445 1572 2505 aciem
1615 2443 1939 2519 firmarent,
2002 2445 2277 2526 equitum

398 2545 511 2607 tria
554 2544 745 2607 millia
789 2544 1073 2607 cornibus
1119 2544 1611 2607 effunderentur:
1659 2544 1932 2627 legiones
1975 2567 2084 2625 pro
2118 2545 2278 2608 vallo

399 2658 641 2716 stetere.
689 2648 904 2728 ingens
953 2647 1241 2708 victoriae
1288 2646 1479 2708 decus
1532 2646 1681 2707 citra
1732 2645 2084 2708 Romanum
2142 2668 2278 2709 san-

399 2748 651 2831 guinem
682 2747 948 2822 bellanti,
997 2760 1057 2809 et
1100 2748 1417 2821 auxilium,
1463 2749 1512 2808 si
1567 2747 1952 2829 pellerentur.
2041 2747 2278 2810 Britan-

398 2869 616 2910 norum
648 2849 834 2922 acieS,
866 2848 928 2910 in
961 2848 1230 2927 speciem
1262 2846 1448 2909 simul
1477 2868 1551 2909 ac
1580 2860 1887 2921 terrorem,
1924 2846 2278 2909 editioribus

399 2947 555 3011 locis
602 2950 951 3010 constiterat
996 2950 1096 3023 ita,
1144 2961 1211 3010 ut
1253 2949 1520 3032 primum
1572 2970 1789 3031 agmen
1842 2970 2058 3030 aequ0,
2092 2949 2279 3010 ceteri

401 3070 513 3133 per
556 3050 784 3111 acclive
828 3049 1051 3132 jugum
1097 3050 1349 3110 connexi
1399 3049 1565 3111 velut
1608 3050 2028 3132 insurgerent:
2077 3043 2281 3109 media

403 3170 604 3229 campi
650 3150 992 3211 covinarius
1038 3160 1099 3210 et
1152 3169 1343 3231 eques
1399 3151 1650 3233 strepitu
1684 3170 1755 3210 ac
1786 3148 2068 3210 discursu
2114 3168 2279 3209 com·

400 3249 627 3330 plebat.
715 3249 885 3311 Tum
916 3250 1203 3332 Agricola
1241 3264 1564 3331 superante
1598 3251 1865 3312 hostium
1897 3247 2280 3310 multitudine

399 3352 651 3425 veritus,
684 3372 760 3412 ne
807 3351 990 3412 simul
1036 3352 1098 3412 in
1140 3349 1419 3426 frontem,
1454 3351 1635 3413 simul
1681 3362 1741 3412 et
1793 3350 1980 3412 latera
2028 3370 2281 3413 suorum

399 3465 792 3534 pugnaretur,
839 3452 1103 3515 diductis
1164 3451 1494 3528 ordinibuS,
1550 3472 1898 3535 quanquam
1953 3452 2283 3533 porrectior

400 3554 565 3614 acies
625 3553 828 3615 futura
891 3566 1018 3617 erat
1076 3565 1136 3616 et
1193 3553 1589 3615 arcessendas
1659 3553 1932 3636 plerique
2006 3553 2281 3636 legiones

403 3653 825 3730 admonebant,
869 3655 1201 3735 promptior
1258 3655 1319 3716 in
1380 3670 1554 3733 spem
1611 3667 1671 3715 et
1714 3654 1929 3717 firmus
1987 3653 2281 3731 adversitb

403 3753 657 3818 dimisso
687 3777 847 3838 equo
874 3755 1064 3837 pedes
1091 3766 1228 3817 ante
1258 3753 1482 3817 vexilla
1511 3756 1780 3818 constitit
