2715 4316
468 332 548 387 50
1119 349 1178 389 c.
1227 346 1422 389 eorm.
1468 345 1693 388 ncrrr
1758 320 1760 323 ’

470 496 720 559 influere
764 497 1008 576 penitus
1054 507 1235 578 atque
1295 495 1547 571 ambire,
1596 507 1658 557 et
1707 493 1874 578 jugis
1926 493 2113 556 etiam
2170 504 2354 576 atque

468 598 775 660 montibus
807 598 992 661 inseri
1022 597 1190 659 velut
1221 598 1284 659 in
1316 619 1453 659 suo,
2259 587 2266 591 ’

549 696 668 761 ΧΙ.
720 698 1017 762 Ceterum
1062 697 1445 761 Britanniam
1476 699 1580 781 qui
1615 697 1903 760 mortales
1950 698 2119 761 initio
2150 697 2330 760 colue

463 802 600 877 rint,
648 801 969 884 indigenae
1027 821 1105 862 an
1162 799 1422 877 advecti,
1469 813 1539 863 ut
1584 801 1740 862 inter
1782 800 2092 875 barbarOS,
2138 821 2356 880 parum

466 914 871 986 compertum.
960 899 1251 971 Habitus*
1292 922 1618 982 corporum
1661 901 1856 962 varii:
1917 913 2101 983 atque
2162 922 2241 963 ex
2283 922 2360 963 eo

466 1016 864 1087 argumenta;
911 1024 1178 1086 namque
1230 1003 1448 1065 rutilae
1499 1001 1903 1065 Caledoniam
1952 1001 2360 1064 habitantium

466 1126 698 1182 comae,
746 1105 953 1189 magni
1010 1117 1197 1180 artuS,
1260 1102 1699 1167 Germanicam
1756 1105 2055 1186 originem
2111 1124 2361 1166 asseve-

464 1221 617 1271 rant.
707 1207 982 1270 Silurum
1054 1206 1304 1270 colorati
1370 1206 1577 1268 vultus
1651 1218 1714 1268 et
1783 1207 1920 1268 torti
1992 1204 2360 1288 plerumque

466 1313 666 1373 crines
753 1321 815 1372 et
898 1310 1099 1394 posita
1170 1322 1380 1371 contra
1451 1307 1759 1392 Hispania
1832 1307 2044 1370 Iberos
2117 1320 2358 1370 veteres

465 1414 778 1498 trajecisse
859 1433 1088 1495 easque
1166 1411 1346 1475 sedes
1429 1433 1767 1493 occupasse
1842 1410 2030 1473 fidem
2102 1410 2357 1474 faciunt.

466 1514 741 1577 Proximi
788 1513 986 1575 Gallis
1032 1526 1093 1576 et
1137 1514 1372 1576 similes
1418 1526 1601 1590 sunt;
1652 1536 1760 1575 seu
1807 1513 2061 1575 durante
2109 1513 2357 1596 originis

464 1617 546 1684 vi,
580 1637 712 1691 seu,
758 1615 1253 1695 procurrentibus
1299 1616 1362 1677 in
1405 1615 1648 1677 diversa
1692 1616 1887 1690 terriS,
1934 1616 2158 1695 positio
2201 1614 2358 1678 coeli

465 1716 820 1798 corporibus
867 1715 1144 1779 habitum
1171 1715 1378 1779 dedi-t:
1426 1717 1486 1778 in
1524 1718 1882 1780 universum
1925 1730 2133 1779 tamen
2176 1718 2363 1779 aesti-

466 1819 677 1895 manti,
741 1818 956 1881 Gallos
1002 1814 1270 1879 vicinam
1324 1815 1596 1880 insulam
1654 1840 1991 1899 occupasse
2066 1818 2357 1881 credibile

468 1935 583 1984 est.
672 1920 911 1984 Eorum
971 1943 1144 1984 sacra
1189 1919 1611 2002 deprehendas
1670 1921 2174 2001 superstitionum
2223 1942 2359 2005 per-

468 2025 796 2087 suasione:
847 2045 1049 2087 sermo
1107 2022 1274 2086 haud
1332 2022 1595 2086 multum
1652 2022 1978 2098 diversus3'
2027 2023 2090 2085 in
2140 2021 2359 2103 depos-

468 2126 681 2190 cendis
732 2126 1025 2212 periculis
1072 2125 1287 2189 eadem
1347 2124 1605 2189 audacia
1650 2137 1729 2202 et,
1778 2124 1883 2188 ubi
1930 2123 2250 2201 advenere,
2298 2126 2359 2188 in

467 2229 875 2292 detrectandis
951 2229 1170 2291 eadem
1232 2228 1507 2291 formido·
1600 2227 1756 2291 Plus
1830 2240 2038 2291 tamen
2092 2227 2359 2291 ferociae

467 2330 743 2393 Britanni
785 2330 1154 2410 praeferunt,
1187 2341 1257 2391 ut
1285 2351 1442 2411 quos
1474 2329 1745 2391 nondum
1786 2330 1971 2413 longa
2016 2351 2137 2410 pax
2168 2330 2360 2393 emol-

466 2430 665 2494 lierit:
727 2452 870 2492 nam
918 2429 1133 2492 Gallos
1194 2450 1441 2512 quoque
1501 2430 1563 2491 in
1621 2430 1799 2493 bellis
1844 2429 2126 2494 floruisse
2185 2453 2361 2495 acce-

466 2533 711 2613 pimus:
760 2553 905 2593 mox
948 2532 1208 2614 segnitia
1239 2551 1387 2592 cum
1417 2531 1541 2593 otio
1585 2531 1845 2607 intravit,
1880 2534 2111 2595 amissa
2137 2534 2362 2597 virtute

465 2634 691 2716 pariter
747 2655 820 2696 ac
878 2633 1198 2707 libertate;
1259 2631 1425 2715 quod
1483 2630 1917 2698 Britannorum
1975 2635 2122 2698 olim
2180 2637 2360 2699 victis

469 2735 710 2797 evenit:
758 2734 945 2796 ceteri
977 2745 1243 2807 manent,
1276 2733 1492 2816 quales
1527 2731 1692 2797 Galli
1723 2733 1991 2811 fuerunt.

555 2834 708 2898 XII.
754 2834 830 2897 In
871 2833 1077 2915 pedite
1122 2834 1350 2897 robur:
1402 2834 1706 2918 quaedam
1748 2838 2026 2900 nationes
2073 2849 2134 2901 et
2178 2861 2362 2902 curru

468 2936 886 3018 proeliantur:
961 2934 1272 2997 honestior
1328 2937 1559 3019 auriga,
1622 2936 1878 3001 clientes
1952 2951 2359 3023 propugnant.

473 3037 642 3101 Olim
684 3037 934 3121 regibus
963 3036 1275 3117 parebant,
1307 3058 1472 3100 nunc
1516 3060 1627 3123 per
1653 3040 1962 3121 principes
1992 3040 2362 3108 factionibus

471 3153 534 3203 et
563 3139 781 3203 studiis
824 3137 1144 3202 trahuntur
1169 3148 1346 3203 :'nec
1400 3140 1567 3203 aliud
1610 3140 1905 3204 adversus
1949 3141 2361 3206 validissimas

470 3256 687 3328 gentes
719 3263 826 3327 pro
870 3241 1048 3310 nobis
1091 3242 1324 3319 utiliuS,
1357 3264 1545 3326 quam
1574 3242 1740 3326 quod
1770 3244 1833 3306 in
1862 3266 2190 3308 commune
2242 3266 2362 3308 non

473 3344 821 3408 consulunt.
911 3341 1118 3407 Rarus
1149 3343 1391 3407 duabus
1434 3345 1707 3408 tribusve
1738 3346 2090 3409 civitatibus
2119 3346 2198 3410 ad
2225 3368 2364 3428 pro-

471 3444 845 3530 pulsandum
889 3467 1217 3509 commune
1260 3446 1608 3527 periculum
1651 3459 2027 3511 conventus:
2076 3450 2179 3525 ita,
2212 3448 2363 3513 dum

475 3547 700 3631 singuli
749 3560 1041 3632 pugnant,
1074 3550 1344 3611 universi
1375 3549 1717 3612 vincuntur.
1813 3549 2078 3613 Coelum
2132 3551 2365 3614 crebris

473 3650 771 3715 imbribus
846 3671 919 3711 ac
989 3650 1232 3713 nebulis
1305 3649 1608 3714 foedum:
1697 3653 1994 3737 asperitas
2066 3652 2366 3737 frigorum

474 3754 670 3819 abest.
755 3750 1020 3816 Dierum
1078 3752 1275 3833 spatia
1327 3751 1489 3816 ultra
1502 3756 1523 3831 j
1544 3752 1733 3816 nostri
1776 3753 1941 3816 orbis
1986 3743 2363 3832 mensuram,
