2715 4316
1157 363 1497 406 AGRIcoLA.
2192 350 2275 408 53

393 511 658 596 jugum:
720 522 782 574 et
823 511 1097 587 flumine,
1156 533 1278 574 non
1324 511 1597 587 Oceano,
1643 509 1932 574 defendi:
1994 512 2112 575 sibi
2166 533 2273 594 pa·

384 614 584 689 triam,
633 613 946 696 conjugeS,
993 625 1295 694 parenteS,
1342 613 1464 676 illis
1508 614 1822 676 avaritiam
1866 625 1927 687 et
1967 613 2275 678 luxuriam

384 735 609 777 causas
682 714 827 777 belli
900 735 1061 777 esse.
1190 712 1600 791 RecessurOS,
1676 727 1746 777 ut
1815 715 1994 777 divus
2065 714 2272 779 Julius

382 815 772 890 recessisset,
814 814 998 877 modo
1039 816 1296 877 virtutes
1355 815 1653 898 majorum
1706 836 1958 878 suorum
2002 816 2272 879 aemula·

382 928 613 978 rentur.
701 914 879 978 Neve
910 916 1123 996 proelii
1153 917 1336 978 unius
1369 926 1475 979 aut
1508 915 1756 979 alterius
1789 928 2011 978 eventu
2054 938 2272 998 paves-

385 1033 637 1079 cerent:
713 1017 854 1100 plus
912 1018 1194 1100 impetUS‚
1235 1018 1527 1100 majorem
1594 1018 2017 1093 constantiam,
2077 1039 2272 1098 penes

383 1121 648 1181 miseros
679 1141 839 1180 esse.
929 1117 1070 1181 Jam
1102 1118 1531 1182 Britannorum
1564 1120 1747 1182 etiam
1778 1118 1928 1182 deos
1973 1120 2269 1194 misereri,

383 1221 491 1303 qui
524 1219 874 1282 Romanurn
906 1220 1130 1282 ducem
1173 1221 1509 1296 absentem,
1543 1221 1648 1302 qui
1693 1219 2030 1302 relegatum
2061 1221 2121 1281 in
2153 1219 2278 1282 alia

384 1321 588 1383 insula
617 1323 949 1383 exercitum
981 1321 1357 1383 detinerent:
1399 1321 1525 1404 jam
1573 1322 1761 1404 ipsos,
1793 1319 1957 1403 quod
1986 1319 2271 1383 difficilli-

384 1444 561 1485 mum
613 1422 813 1498 fuerit,
868 1423 1242 1485 deliberare:
1302 1444 1480 1502 porro
1528 1424 1588 1484 in
1643 1421 1943 1506 ejusmodi
1997 1421 2270 1485 consiliis

382 1523 791 1604 periculosius
823 1545 962 1586 esse
992 1523 1384 1604 deprehendi,
1418 1545 1600 1606 quam
1633 1522 1880 1586 audere.

472 1623 652 1687 XVI.
698 1624 819 1687 His
851 1638 1033 1707 atque
1071 1625 1294 1688 talibus
1326 1626 1590 1687 invicem
1621 1627 1906 1702 instincti,
1937 1624 2266 1702 Boudicca,

382 1727 627 1809 generis
682 1727 832 1808 regii
893 1725 1139 1801 femina,
1200 1726 1360 1788 duce
1418 1727 1647 1809 (neque
1707 1728 1870 1789 enim
1931 1749 2149 1790 sexum
2207 1729 2270 1791 in

382 1827 663 1907 imperiis
720 1827 1102 1906 discernunt)
1147 1849 1466 1908 sumpsere
1524 1828 1794 1891 universi
1852 1828 2133 1891 bellum:
2195 1850 2268 1892 ac

386 1949 633 2012 sparsos
705 1949 814 2009 per
884 1927 1135 1991 castella
1206 1926 1434 1990 milites
1493 1929 1846 2002 consectati,
1907 1931 2269 2012 expugnatis

382 2029 727 2113 praesidiiS,
775 2030 974 2110 ipsam
1017 2029 1320 2092 coloniam
1367 2031 1664 2104 invasere,
1714 2041 1781 2091 ut
1824 2029 2038 2092 sedem
2082 2031 2268 2092 servi-

383 2131 576 2194 tutis:
624 2152 738 2194 nec
790 2131 990 2195 ullum
1040 2132 1104 2195 in
1158 2131 1428 2194 barbaris
1474 2132 1765 2195 saevitiae
1808 2151 2006 2215 genus
2065 2131 2272 2195 omisit

384 2233 475 2294 ira
521 2245 581 2295 et
623 2234 895 2296 victoria.
985 2232 1335 2307 Quodnisi
1380 2231 1726 2308 PaullinuS,
1760 2233 2003 2315 cognito
2031 2233 2270 2317 provin-

385 2335 519 2396 ciae
592 2346 784 2410 motu,
858 2356 1112 2418 propere
1186 2334 1595 2410 subvenisset,
1660 2335 1888 2396 amissa
1960 2333 2270 2397 Britannia

383 2434 583 2499 foret:
643 2458 828 2519 quam
886 2438 1072 2499 unius
1127 2436 1342 2517 proelii
1401 2436 1641 2499 fortuna
1696 2436 1886 2499 veteri
1942 2438 2269 2517 patientiae

383 2539 667 2613 restituit,
700 2537 1049 2601 tenentibus
1092 2559 1262 2600 arma
1310 2537 1641 2620 plerisque,
1688 2557 1844 2619 quos
1897 2538 2271 2600 conscientia

394 2632 754 2698 defectionis
806 2641 869 2694 et
917 2629 1168 2714 propius
1228 2651 1308 2694 ex
1350 2629 1560 2715 legato
1604 2628 1810 2694 timor⁴
1839 2629 2139 2715 agitabat,
2171 2652 2268 2712 ne,

386 2752 746 2818 quanquam
767 2729 1058 2815 egregius
1081 2737 1306 2808 cetera,
1339 2734 1701 2812 arroganter
1720 2726 1787 2790 in
1819 2725 2058 2792 deditos
2088 2737 2169 2810 et,
2200 2738 2270 2793 ut

389 2850 539 2893 suae
570 2849 810 2913 quoque
837 2827 1105 2912 injuriae
1126 2826 1306 2906 ultor,
1339 2825 1552 2889 durius
1575 2825 1939 2889 consuleret.
2027 2825 2268 2891 Missus

384 2928 582 3012 igitur
612 2925 938 2990 Petronius
970 2923 1391 3008 TurpilianuS,
1423 2932 1722 3009 tanquam
1752 2923 2152 2988 exorabilior:
2205 2934 2270 2988 et

388 3024 631 3088 delictis
661 3024 931 3087 hostium
959 3043 1172 3102 novuS‚
1199 3043 1392 3106 eoque
1419 3021 1833 3105 poenitentiae
1852 3022 2080 3102 mitior,
2112 3043 2268 3086 com·

383 3122 604 3206 positis
650 3122 977 3206 prioribus,
1020 3120 1178 3184 nihil
1207 3121 1374 3183 ultra
1403 3140 1609 3200 ausus,
1642 3119 1951 3183 Trebellio
1991 3117 2269 3186 Maximo

383 3220 759 3305 provinciam
778 3219 1056 3284 tradidit.
1144 3218 1493 3283 Trebellius
1526 3218 1791 3303 segnior,
1823 3226 1888 3280 et
1915 3217 2105 3282 nullis
2136 3240 2266 3284 cas·

382 3329 621 3383 trorum
649 3317 1104 3402 experimentiS,
1136 3317 1424 3382 comitate
1452 3315 1720 3402 quadam
1742 3314 2001 3380 curandi
2028 3316 2263 3400 provin·

380 3418 543 3482 ciam
582 3419 803 3482 tenuit.
890 3416 1182 3481 Didicere
1215 3416 1351 3501 jam
1379 3414 1632 3479 barbari
1675 3417 1924 3499 quoque
1944 3414 2263 3501 ignoscere

379 3516 549 3580 vitiis
580 3515 1043 3580 blandientibus
1070 3537 1085 3578 z
1131 3522 1197 3578 et
1238 3514 1626 3578 interventus
1657 3512 1930 3578 civilium
1957 3537 2264 3582 armorum

379 3613 667 3698 praebuit
688 3616 926 3699 justam
956 3612 1261 3698 segnitiae
1283 3611 1776 3675 excusationem:
1823 3613 1932 3676 sed
1963 3613 2267 3680 discordia

378 3716 743 3795 laboratum,
797 3737 938 3780 cum
1008 3722 1296 3779 assuetus
1355 3711 1850 3796 expeditionibus
1908 3715 2085 3780 miles
2142 3715 2265 3780 otio
