<?xml version="1.0" encoding="UTF-8"?>
<!DOCTYPE html PUBLIC "-//W3C//DTD XHTML 1.0 Transitional//EN"
    "http://www.w3.org/TR/xhtml1/DTD/xhtml1-transitional.dtd">
<html xmlns="http://www.w3.org/1999/xhtml" xml:lang="en" lang="en">
 <head>
  <title>
</title>
<meta http-equiv="Content-Type" content="text/html;charset=utf-8" />
  <meta name='ocr-system' content='tesseract 3.04.00' />
  <meta name='ocr-capabilities' content='ocr_page ocr_carea ocr_par ocr_line ocrx_word'/>
</head>
<body>
  <div class='ocr_page' id='page_1' title='image "./germaniaandagri07tacigoog_0087.png"; bbox 0 0 2715 4316; ppageno 0'>
   <div class='ocr_carea' id='block_1_1' title="bbox 436 290 1657 351">
    <p class='ocr_par' dir='ltr' id='par_1_1' title="bbox 436 290 1657 351">
     <span class='ocr_line' id='line_1_1' title="bbox 436 290 1657 351; baseline -0.003 0"><span class='ocrx_word' id='word_1_1' title='bbox 436 290 521 351; x_wconf 81' lang='lat'>70</span> <span class='ocrx_word' id='word_1_2' title='bbox 1089 307 1148 349; x_wconf 88' lang='lat' dir='ltr'>c.</span> <span class='ocrx_word' id='word_1_3' title='bbox 1196 305 1390 348; x_wconf 57' lang='lat' dir='ltr'>coms.</span> <span class='ocrx_word' id='word_1_4' title='bbox 1439 301 1657 348; x_wconf 69' lang='lat' dir='ltr'>nom-1</span> 
     </span>
    </p>
   </div>
   <div class='ocr_carea' id='block_1_2' title="bbox 436 453 2335 3778">
    <p class='ocr_par' dir='ltr' id='par_1_2' title="bbox 436 453 2326 1651">
     <span class='ocr_line' id='line_1_2' title="bbox 440 453 2302 537; baseline 0 -19"><span class='ocrx_word' id='word_1_5' title='bbox 440 454 550 518; x_wconf 84' lang='lat' dir='ltr'>sed</span> <span class='ocrx_word' id='word_1_6' title='bbox 595 455 670 518; x_wconf 91' lang='lat' dir='ltr'>de</span> <span class='ocrx_word' id='word_1_7' title='bbox 716 454 983 517; x_wconf 85' lang='lat' dir='ltr'>hibernis</span> <span class='ocrx_word' id='word_1_8' title='bbox 1035 455 1349 537; x_wconf 77' lang='lat' dir='ltr'>legionum</span> <span class='ocrx_word' id='word_1_9' title='bbox 1400 466 1462 515; x_wconf 91' lang='lat' dir='ltr'>et</span> <span class='ocrx_word' id='word_1_10' title='bbox 1510 454 1904 534; x_wconf 81' lang='lat' dir='ltr'>possessione</span> <span class='ocrx_word' id='word_1_11' title='bbox 1951 453 2302 518; x_wconf 85' lang='lat' dir='ltr'><strong>dubitatum</strong></span> 
     </span>
     <span class='ocr_line' id='line_1_3' title="bbox 439 556 2323 639; baseline 0 -20"><span class='ocrx_word' id='word_1_12' title='bbox 439 556 565 633; x_wconf 86' lang='lat' dir='ltr'>Ita,</span> <span class='ocrx_word' id='word_1_13' title='bbox 596 578 737 619; x_wconf 92' lang='lat' dir='ltr'>cum</span> <span class='ocrx_word' id='word_1_14' title='bbox 783 556 1005 618; x_wconf 89' lang='lat' dir='ltr'>damna</span> <span class='ocrx_word' id='word_1_15' title='bbox 1048 556 1286 617; x_wconf 89' lang='lat' dir='ltr'>damnis</span> <span class='ocrx_word' id='word_1_16' title='bbox 1332 556 1827 618; x_wconf 81' lang='lat' dir='ltr'>continuarentur</span> <span class='ocrx_word' id='word_1_17' title='bbox 1883 569 2067 639; x_wconf 90' lang='lat' dir='ltr'>atque</span> <span class='ocrx_word' id='word_1_18' title='bbox 2119 557 2323 619; x_wconf 85' lang='lat' dir='ltr'>omnis</span> 
     </span>
     <span class='ocr_line' id='line_1_4' title="bbox 438 655 2326 738; baseline 0 -18"><span class='ocrx_word' id='word_1_19' title='bbox 438 680 633 720; x_wconf 90' lang='lat' dir='ltr'>annus</span> <span class='ocrx_word' id='word_1_20' title='bbox 678 656 996 719; x_wconf 83' lang='lat' dir='ltr'>funeribus</span> <span class='ocrx_word' id='word_1_21' title='bbox 1042 667 1103 718; x_wconf 94' lang='lat' dir='ltr'>et</span> <span class='ocrx_word' id='word_1_22' title='bbox 1146 655 1424 719; x_wconf 87' lang='lat' dir='ltr'>cladibus</span> <span class='ocrx_word' id='word_1_23' title='bbox 1482 657 1894 738; x_wconf 79' lang='lat' dir='ltr'>insigniretur,</span> <span class='ocrx_word' id='word_1_24' title='bbox 1953 658 2326 738; x_wconf 89' lang='lat' dir='ltr'>poscebatur</span> 
     </span>
     <span class='ocr_line' id='line_1_5' title="bbox 438 756 2324 842; baseline 0 -22"><span class='ocrx_word' id='word_1_25' title='bbox 438 780 540 821; x_wconf 92' lang='lat' dir='ltr'>ore</span> <span class='ocrx_word' id='word_1_26' title='bbox 570 757 738 841; x_wconf 85' lang='lat' dir='ltr'>vulgi</span> <span class='ocrx_word' id='word_1_27' title='bbox 784 756 909 820; x_wconf 83' lang='lat' dir='ltr'>dux</span> <span class='ocrx_word' id='word_1_28' title='bbox 954 757 1278 840; x_wconf 83' lang='lat' dir='ltr'>Agricola:</span> <span class='ocrx_word' id='word_1_29' title='bbox 1327 758 1822 841; x_wconf 85' lang='lat' dir='ltr'>comparantibus</span> <span class='ocrx_word' id='word_1_30' title='bbox 1867 760 2105 822; x_wconf 89' lang='lat' dir='ltr'>cunctis</span> <span class='ocrx_word' id='word_1_31' title='bbox 2148 759 2324 842; x_wconf 84' lang='lat' dir='ltr'>vigo-</span> 
     </span>
     <span class='ocr_line' id='line_1_6' title="bbox 436 858 2323 939; baseline 0.001 -18"><span class='ocrx_word' id='word_1_32' title='bbox 436 881 588 934; x_wconf 89' lang='lat' dir='ltr'>rem,</span> <span class='ocrx_word' id='word_1_33' title='bbox 648 859 1048 921; x_wconf 87' lang='lat' dir='ltr'>constantiam</span> <span class='ocrx_word' id='word_1_34' title='bbox 1109 870 1170 920; x_wconf 90' lang='lat' dir='ltr'>et</span> <span class='ocrx_word' id='word_1_35' title='bbox 1227 871 1546 939; x_wconf 85' lang='lat' dir='ltr'>expertum</span> <span class='ocrx_word' id='word_1_36' title='bbox 1602 858 1781 921; x_wconf 90' lang='lat' dir='ltr'>bellis</span> <span class='ocrx_word' id='word_1_37' title='bbox 1841 861 2116 922; x_wconf 89' lang='lat' dir='ltr'>animum</span> <span class='ocrx_word' id='word_1_38' title='bbox 2172 881 2323 922; x_wconf 89' lang='lat' dir='ltr'>cum</span> 
     </span>
     <span class='ocr_line' id='line_1_7' title="bbox 439 959 2321 1032; baseline 0.001 -10"><span class='ocrx_word' id='word_1_39' title='bbox 439 961 652 1023; x_wconf 87' lang='lat' dir='ltr'>inertia</span> <span class='ocrx_word' id='word_1_40' title='bbox 703 972 764 1023; x_wconf 90' lang='lat' dir='ltr'>et</span> <span class='ocrx_word' id='word_1_41' title='bbox 809 959 1131 1022; x_wconf 86' lang='lat' dir='ltr'>formidine</span> <span class='ocrx_word' id='word_1_42' title='bbox 1184 972 1548 1022; x_wconf 89' lang='lat' dir='ltr'>ceterorum.</span> <span class='ocrx_word' id='word_1_43' title='bbox 1637 959 1884 1032; x_wconf 84' lang='lat' dir='ltr'>Quibus</span> <span class='ocrx_word' id='word_1_44' title='bbox 1932 961 2321 1024; x_wconf 86' lang='lat' dir='ltr'>sermonibus</span> 
     </span>
     <span class='ocr_line' id='line_1_8' title="bbox 439 1059 2323 1143; baseline 0.002 -21"><span class='ocrx_word' id='word_1_45' title='bbox 439 1062 586 1124; x_wconf 82' lang='lat' dir='ltr'>satis</span> <span class='ocrx_word' id='word_1_46' title='bbox 616 1073 853 1124; x_wconf 87' lang='lat' dir='ltr'>constat</span> <span class='ocrx_word' id='word_1_47' title='bbox 892 1059 1223 1122; x_wconf 90' lang='lat' dir='ltr'>Domitiani</span> <span class='ocrx_word' id='word_1_48' title='bbox 1268 1082 1515 1143; x_wconf 90' lang='lat' dir='ltr'>quoque</span> <span class='ocrx_word' id='word_1_49' title='bbox 1560 1081 1739 1123; x_wconf 87' lang='lat' dir='ltr'>aures</span> <span class='ocrx_word' id='word_1_50' title='bbox 1770 1061 2136 1142; x_wconf 82' lang='lat' dir='ltr'>verberataS,</span> <span class='ocrx_word' id='word_1_51' title='bbox 2168 1061 2323 1125; x_wconf 89' lang='lat' dir='ltr'>dum</span> 
     </span>
     <span class='ocr_line' id='line_1_9' title="bbox 440 1161 2322 1245; baseline -0.001 -18"><span class='ocrx_word' id='word_1_52' title='bbox 440 1166 704 1244; x_wconf 89' lang='lat' dir='ltr'>optimus</span> <span class='ocrx_word' id='word_1_53' title='bbox 762 1163 1024 1245; x_wconf 90' lang='lat' dir='ltr'>quisque</span> <span class='ocrx_word' id='word_1_54' title='bbox 1079 1161 1434 1224; x_wconf 88' lang='lat' dir='ltr'>libertorum</span> <span class='ocrx_word' id='word_1_55' title='bbox 1492 1183 1698 1223; x_wconf 86' lang='lat' dir='ltr'>amore</span> <span class='ocrx_word' id='word_1_56' title='bbox 1758 1174 1820 1225; x_wconf 89' lang='lat' dir='ltr'>et</span> <span class='ocrx_word' id='word_1_57' title='bbox 1875 1162 2016 1238; x_wconf 92' lang='lat' dir='ltr'>fide,</span> <span class='ocrx_word' id='word_1_58' title='bbox 2063 1163 2322 1243; x_wconf 90' lang='lat' dir='ltr'>pessimi</span> 
     </span>
     <span class='ocr_line' id='line_1_10' title="bbox 437 1262 2317 1348; baseline -0.002 -20"><span class='ocrx_word' id='word_1_59' title='bbox 437 1265 811 1348; x_wconf 85' lang='lat' dir='ltr'>malignitate</span> <span class='ocrx_word' id='word_1_60' title='bbox 864 1276 924 1326; x_wconf 88' lang='lat' dir='ltr'>et</span> <span class='ocrx_word' id='word_1_61' title='bbox 973 1263 1181 1338; x_wconf 89' lang='lat' dir='ltr'>livore,</span> <span class='ocrx_word' id='word_1_62' title='bbox 1227 1284 1486 1344; x_wconf 87' lang='lat' dir='ltr'>pronum</span> <span class='ocrx_word' id='word_1_63' title='bbox 1530 1262 1931 1326; x_wconf 85' lang='lat' dir='ltr'>deterioribus</span> <span class='ocrx_word' id='word_1_64' title='bbox 1981 1263 2317 1344; x_wconf 89' lang='lat' dir='ltr'>principem</span> 
     </span>
     <span class='ocr_line' id='line_1_11' title="bbox 440 1364 2317 1447; baseline -0.002 -18"><span class='ocrx_word' id='word_1_65' title='bbox 440 1367 926 1429; x_wconf 86' lang='lat' dir='ltr'>exstimulabant.</span> <span class='ocrx_word' id='word_1_66' title='bbox 1019 1364 1128 1427; x_wconf 89' lang='lat' dir='ltr'>Sic</span> <span class='ocrx_word' id='word_1_67' title='bbox 1185 1364 1474 1447; x_wconf 86' lang='lat' dir='ltr'>Agricola</span> <span class='ocrx_word' id='word_1_68' title='bbox 1544 1365 1726 1428; x_wconf 90' lang='lat' dir='ltr'>simul</span> <span class='ocrx_word' id='word_1_69' title='bbox 1785 1366 1915 1427; x_wconf 89' lang='lat' dir='ltr'>suis</span> <span class='ocrx_word' id='word_1_70' title='bbox 1973 1364 2317 1440; x_wconf 75' lang='lat' dir='ltr'>virtutibuS,</span> 
     </span>
     <span class='ocr_line' id='line_1_12' title="bbox 440 1464 2321 1549; baseline -0.002 -20"><span class='ocrx_word' id='word_1_71' title='bbox 440 1466 624 1529; x_wconf 90' lang='lat' dir='ltr'>simul</span> <span class='ocrx_word' id='word_1_72' title='bbox 668 1467 831 1529; x_wconf 86' lang='lat' dir='ltr'>vitiis</span> <span class='ocrx_word' id='word_1_73' title='bbox 877 1465 1154 1540; x_wconf 89' lang='lat' dir='ltr'>aliorum,</span> <span class='ocrx_word' id='word_1_74' title='bbox 1188 1465 1250 1526; x_wconf 91' lang='lat' dir='ltr'>in</span> <span class='ocrx_word' id='word_1_75' title='bbox 1293 1465 1492 1546; x_wconf 88' lang='lat' dir='ltr'>ipsam</span> <span class='ocrx_word' id='word_1_76' title='bbox 1536 1464 1793 1545; x_wconf 82' lang='lat' dir='ltr'>gloriam</span> <span class='ocrx_word' id='word_1_77' title='bbox 1836 1486 2131 1547; x_wconf 87' lang='lat' dir='ltr'>praeceps</span> <span class='ocrx_word' id='word_1_78' title='bbox 2176 1485 2321 1549; x_wconf 86' lang='lat' dir='ltr'>agc-</span> 
     </span>
     <span class='ocr_line' id='line_1_13' title="bbox 436 1568 634 1651; baseline -0.005 -22"><span class='ocrx_word' id='word_1_79' title='bbox 436 1568 634 1651; x_wconf 34' lang='lat' dir='ltr'>batu-r.</span> 
     </span>
    </p>

    <p class='ocr_par' dir='ltr' id='par_1_3' title="bbox 439 1664 2335 3778">
     <span class='ocr_line' id='line_1_14' title="bbox 521 1664 2323 1751; baseline 0.003 -25"><span class='ocrx_word' id='word_1_80' title='bbox 521 1664 713 1727; x_wconf 91' lang='lat' dir='ltr'>XLII.</span> <span class='ocrx_word' id='word_1_81' title='bbox 801 1665 1030 1729; x_wconf 89' lang='lat' dir='ltr'>Aderat</span> <span class='ocrx_word' id='word_1_82' title='bbox 1105 1667 1234 1750; x_wconf 89' lang='lat' dir='ltr'>jam</span> <span class='ocrx_word' id='word_1_83' title='bbox 1323 1689 1543 1744; x_wconf 92' lang='lat' dir='ltr'>annus,</span> <span class='ocrx_word' id='word_1_84' title='bbox 1630 1690 1753 1751; x_wconf 92' lang='lat' dir='ltr'>quo</span> <span class='ocrx_word' id='word_1_85' title='bbox 1823 1667 2323 1749; x_wconf 84' lang='lat' dir='ltr'>proconsulatum</span> 
     </span>
     <span class='ocr_line' id='line_1_15' title="bbox 441 1768 2321 1854; baseline -0.001 -22"><span class='ocrx_word' id='word_1_86' title='bbox 441 1770 629 1832; x_wconf 90' lang='lat' dir='ltr'>Asiae</span> <span class='ocrx_word' id='word_1_87' title='bbox 675 1781 736 1832; x_wconf 92' lang='lat' dir='ltr'>et</span> <span class='ocrx_word' id='word_1_88' title='bbox 779 1768 1026 1831; x_wconf 85' lang='lat' dir='ltr'>Africae</span> <span class='ocrx_word' id='word_1_89' title='bbox 1088 1769 1418 1843; x_wconf 89' lang='lat' dir='ltr'>sortiretur,</span> <span class='ocrx_word' id='word_1_90' title='bbox 1468 1782 1528 1831; x_wconf 91' lang='lat' dir='ltr'>et</span> <span class='ocrx_word' id='word_1_91' title='bbox 1584 1770 1791 1832; x_wconf 90' lang='lat' dir='ltr'>occiso</span> <span class='ocrx_word' id='word_1_92' title='bbox 1851 1768 2068 1832; x_wconf 88' lang='lat' dir='ltr'>Civica</span> <span class='ocrx_word' id='word_1_93' title='bbox 2121 1789 2321 1854; x_wconf 89' lang='lat' dir='ltr'>nuper</span> 
     </span>
     <span class='ocr_line' id='line_1_16' title="bbox 439 1868 2324 1956; baseline 0 -23"><span class='ocrx_word' id='word_1_94' title='bbox 439 1893 555 1935; x_wconf 93' lang='lat' dir='ltr'>nec</span> <span class='ocrx_word' id='word_1_95' title='bbox 585 1870 909 1956; x_wconf 87' lang='lat' dir='ltr'>Agricolae</span> <span class='ocrx_word' id='word_1_96' title='bbox 954 1870 1275 1933; x_wconf 89' lang='lat' dir='ltr'>consilium</span> <span class='ocrx_word' id='word_1_97' title='bbox 1309 1870 1538 1946; x_wconf 88' lang='lat' dir='ltr'>deerat,</span> <span class='ocrx_word' id='word_1_98' title='bbox 1570 1892 1686 1933; x_wconf 90' lang='lat' dir='ltr'>nec</span> <span class='ocrx_word' id='word_1_99' title='bbox 1717 1868 2071 1933; x_wconf 91' lang='lat' dir='ltr'>Domitiano</span> <span class='ocrx_word' id='word_1_100' title='bbox 2116 1891 2324 1933; x_wconf 86' lang='lat' dir='ltr'>exem·</span> 
     </span>
     <span class='ocr_line' id='line_1_17' title="bbox 441 1972 2323 2056; baseline -0.002 -19"><span class='ocrx_word' id='word_1_101' title='bbox 441 1974 634 2055; x_wconf 91' lang='lat' dir='ltr'>plum.</span> <span class='ocrx_word' id='word_1_102' title='bbox 749 1974 1090 2036; x_wconf 85' lang='lat' dir='ltr'>Accessere</span> <span class='ocrx_word' id='word_1_103' title='bbox 1171 1972 1421 2055; x_wconf 90' lang='lat' dir='ltr'>quidam</span> <span class='ocrx_word' id='word_1_104' title='bbox 1507 1973 1946 2056; x_wconf 87' lang='lat' dir='ltr'>cogitationum</span> <span class='ocrx_word' id='word_1_105' title='bbox 2028 1972 2323 2053; x_wconf 89' lang='lat' dir='ltr'>principis</span> 
     </span>
     <span class='ocr_line' id='line_1_18' title="bbox 442 2074 2324 2163; baseline -0.001 -24"><span class='ocrx_word' id='word_1_106' title='bbox 442 2078 640 2163; x_wconf 91' lang='lat' dir='ltr'>periti,</span> <span class='ocrx_word' id='word_1_107' title='bbox 687 2077 811 2161; x_wconf 91' lang='lat' dir='ltr'>qui,</span> <span class='ocrx_word' id='word_1_108' title='bbox 860 2077 1134 2138; x_wconf 85' lang='lat' dir='ltr'>iturusne</span> <span class='ocrx_word' id='word_1_109' title='bbox 1188 2087 1354 2136; x_wconf 83' lang='lat' dir='ltr'>esset</span> <span class='ocrx_word' id='word_1_110' title='bbox 1398 2075 1459 2137; x_wconf 89' lang='lat' dir='ltr'>iu</span> <span class='ocrx_word' id='word_1_111' title='bbox 1501 2075 1895 2155; x_wconf 87' lang='lat' dir='ltr'>provinciam,</span> <span class='ocrx_word' id='word_1_112' title='bbox 1942 2074 2100 2137; x_wconf 88' lang='lat' dir='ltr'>ultro</span> <span class='ocrx_word' id='word_1_113' title='bbox 2144 2075 2324 2158; x_wconf 88' lang='lat' dir='ltr'>Agri-</span> 
     </span>
     <span class='ocr_line' id='line_1_19' title="bbox 442 2176 2324 2260; baseline -0.002 -18"><span class='ocrx_word' id='word_1_114' title='bbox 442 2180 648 2242; x_wconf 86' lang='lat' dir='ltr'>colam</span> <span class='ocrx_word' id='word_1_115' title='bbox 692 2180 1162 2260; x_wconf 88' lang='lat' dir='ltr'>interrogarent:</span> <span class='ocrx_word' id='word_1_116' title='bbox 1211 2198 1284 2238; x_wconf 92' lang='lat' dir='ltr'>ac</span> <span class='ocrx_word' id='word_1_117' title='bbox 1327 2177 1525 2260; x_wconf 90' lang='lat' dir='ltr'>primo</span> <span class='ocrx_word' id='word_1_118' title='bbox 1583 2176 1885 2239; x_wconf 88' lang='lat' dir='ltr'>occultius</span> <span class='ocrx_word' id='word_1_119' title='bbox 1932 2177 2205 2259; x_wconf 90' lang='lat' dir='ltr'>quietem</span> <span class='ocrx_word' id='word_1_120' title='bbox 2262 2187 2324 2244; x_wconf 88' lang='lat' dir='ltr'>et</span> 
     </span>
     <span class='ocr_line' id='line_1_20' title="bbox 444 2275 2324 2362; baseline -0.001 -22"><span class='ocrx_word' id='word_1_121' title='bbox 444 2280 635 2340; x_wconf 89' lang='lat' dir='ltr'>otium</span> <span class='ocrx_word' id='word_1_122' title='bbox 707 2276 974 2349; x_wconf 88' lang='lat' dir='ltr'>laudare,</span> <span class='ocrx_word' id='word_1_123' title='bbox 1035 2298 1203 2344; x_wconf 53' lang='lat' dir='ltr'>mox,</span> <span class='ocrx_word' id='word_1_124' title='bbox 1250 2298 1501 2360; x_wconf 88' lang='lat' dir='ltr'>operam</span> <span class='ocrx_word' id='word_1_125' title='bbox 1574 2298 1750 2341; x_wconf 88' lang='lat' dir='ltr'>suam</span> <span class='ocrx_word' id='word_1_126' title='bbox 1809 2278 1872 2340; x_wconf 89' lang='lat' dir='ltr'>in</span> <span class='ocrx_word' id='word_1_127' title='bbox 1934 2275 2324 2362; x_wconf 88' lang='lat' dir='ltr'>approbanda</span> 
     </span>
     <span class='ocr_line' id='line_1_21' title="bbox 443 2377 2320 2462; baseline 0.001 -22"><span class='ocrx_word' id='word_1_128' title='bbox 443 2379 834 2441; x_wconf 90' lang='lat' dir='ltr'>excusatione</span> <span class='ocrx_word' id='word_1_129' title='bbox 888 2377 1142 2439; x_wconf 87' lang='lat' dir='ltr'>offerre:</span> <span class='ocrx_word' id='word_1_130' title='bbox 1189 2390 1498 2458; x_wconf 88' lang='lat' dir='ltr'>postremo</span> <span class='ocrx_word' id='word_1_131' title='bbox 1548 2400 1669 2440; x_wconf 91' lang='lat' dir='ltr'>non</span> <span class='ocrx_word' id='word_1_132' title='bbox 1714 2378 1839 2462; x_wconf 88' lang='lat' dir='ltr'>jam</span> <span class='ocrx_word' id='word_1_133' title='bbox 1884 2378 2148 2455; x_wconf 89' lang='lat' dir='ltr'>obscuri,</span> <span class='ocrx_word' id='word_1_134' title='bbox 2182 2399 2320 2440; x_wconf 85' lang='lat' dir='ltr'>sua·</span> 
     </span>
     <span class='ocr_line' id='line_1_22' title="bbox 442 2478 2320 2561; baseline 0 -19"><span class='ocrx_word' id='word_1_135' title='bbox 442 2480 657 2542; x_wconf 90' lang='lat' dir='ltr'>dentes</span> <span class='ocrx_word' id='word_1_136' title='bbox 689 2478 872 2541; x_wconf 90' lang='lat' dir='ltr'>simul</span> <span class='ocrx_word' id='word_1_137' title='bbox 913 2489 1345 2561; x_wconf 86' lang='lat' dir='ltr'>terrentesque,</span> <span class='ocrx_word' id='word_1_138' title='bbox 1376 2492 1721 2559; x_wconf 85' lang='lat' dir='ltr'>pertraxere</span> <span class='ocrx_word' id='word_1_139' title='bbox 1752 2480 1828 2543; x_wconf 93' lang='lat' dir='ltr'>ad</span> <span class='ocrx_word' id='word_1_140' title='bbox 1858 2479 2320 2556; x_wconf 87' lang='lat' dir='ltr'>Domitianum;</span> 
     </span>
     <span class='ocr_line' id='line_1_23' title="bbox 443 2580 2319 2665; baseline 0 -22"><span class='ocrx_word' id='word_1_141' title='bbox 443 2582 544 2664; x_wconf 90' lang='lat' dir='ltr'>qui</span> <span class='ocrx_word' id='word_1_142' title='bbox 607 2593 854 2664; x_wconf 89' lang='lat' dir='ltr'>paratus</span> <span class='ocrx_word' id='word_1_143' title='bbox 900 2580 1305 2657; x_wconf 87' lang='lat' dir='ltr'>simulatione,</span> <span class='ocrx_word' id='word_1_144' title='bbox 1354 2582 1416 2643; x_wconf 92' lang='lat' dir='ltr'>in</span> <span class='ocrx_word' id='word_1_145' title='bbox 1460 2582 1866 2665; x_wconf 90' lang='lat' dir='ltr'>arrogantiam</span> <span class='ocrx_word' id='word_1_146' title='bbox 1921 2582 2319 2662; x_wconf 81' lang='lat' dir='ltr'>composituS,</span> 
     </span>
     <span class='ocr_line' id='line_1_24' title="bbox 445 2681 2323 2767; baseline 0 -22"><span class='ocrx_word' id='word_1_147' title='bbox 445 2694 506 2745; x_wconf 94' lang='lat' dir='ltr'>et</span> <span class='ocrx_word' id='word_1_148' title='bbox 563 2681 753 2744; x_wconf 90' lang='lat' dir='ltr'>audiit</span> <span class='ocrx_word' id='word_1_149' title='bbox 807 2702 1022 2763; x_wconf 87' lang='lat' dir='ltr'>preces</span> <span class='ocrx_word' id='word_1_150' title='bbox 1081 2684 1453 2758; x_wconf 81' lang='lat' dir='ltr'>excusantiS,</span> <span class='ocrx_word' id='word_1_151' title='bbox 1500 2695 1579 2759; x_wconf 91' lang='lat' dir='ltr'>et,</span> <span class='ocrx_word' id='word_1_152' title='bbox 1641 2704 1787 2746; x_wconf 89' lang='lat' dir='ltr'>cum</span> <span class='ocrx_word' id='word_1_153' title='bbox 1843 2684 2175 2758; x_wconf 88' lang='lat' dir='ltr'>annuisset,</span> <span class='ocrx_word' id='word_1_154' title='bbox 2222 2684 2323 2767; x_wconf 88' lang='lat' dir='ltr'>agi</span> 
     </span>
     <span class='ocr_line' id='line_1_25' title="bbox 444 2779 2321 2867; baseline 0.001 -21"><span class='ocrx_word' id='word_1_155' title='bbox 444 2783 560 2847; x_wconf 89' lang='lat' dir='ltr'>sibi</span> <span class='ocrx_word' id='word_1_156' title='bbox 589 2784 814 2866; x_wconf 89' lang='lat' dir='ltr'>gratias</span> <span class='ocrx_word' id='word_1_157' title='bbox 858 2805 1082 2867; x_wconf 90' lang='lat' dir='ltr'>passus</span> <span class='ocrx_word' id='word_1_158' title='bbox 1128 2796 1264 2846; x_wconf 91' lang='lat' dir='ltr'>est:</span> <span class='ocrx_word' id='word_1_159' title='bbox 1311 2806 1430 2847; x_wconf 92' lang='lat' dir='ltr'>nec</span> <span class='ocrx_word' id='word_1_160' title='bbox 1474 2779 1718 2848; x_wconf 86' lang='lat' dir='ltr'>erubuit</span> <span class='ocrx_word' id='word_1_161' title='bbox 1759 2785 2043 2848; x_wconf 91' lang='lat' dir='ltr'>beneficii</span> <span class='ocrx_word' id='word_1_162' title='bbox 2075 2785 2321 2848; x_wconf 88' lang='lat' dir='ltr'>invidia.</span> 
     </span>
     <span class='ocr_line' id='line_1_26' title="bbox 447 2885 2324 2969; baseline -0.001 -21"><span class='ocrx_word' id='word_1_163' title='bbox 447 2886 749 2948; x_wconf 87' lang='lat' dir='ltr'>Salarium</span> <span class='ocrx_word' id='word_1_164' title='bbox 795 2897 1020 2961; x_wconf 88' lang='lat' dir='ltr'>tamen,</span> <span class='ocrx_word' id='word_1_165' title='bbox 1066 2886 1482 2966; x_wconf 89' lang='lat' dir='ltr'>proconsulari</span> <span class='ocrx_word' id='word_1_166' title='bbox 1541 2886 1788 2949; x_wconf 90' lang='lat' dir='ltr'>solitum</span> <span class='ocrx_word' id='word_1_167' title='bbox 1840 2886 2043 2949; x_wconf 86' lang='lat' dir='ltr'>offerri</span> <span class='ocrx_word' id='word_1_168' title='bbox 2086 2897 2147 2948; x_wconf 86' lang='lat' dir='ltr'>et</span> <span class='ocrx_word' id='word_1_169' title='bbox 2189 2885 2324 2969; x_wconf 90' lang='lat' dir='ltr'>qui·</span> 
     </span>
     <span class='ocr_line' id='line_1_27' title="bbox 442 2987 2319 3072; baseline 0.002 -22"><span class='ocrx_word' id='word_1_170' title='bbox 442 2988 704 3051; x_wconf 90' lang='lat' dir='ltr'>busdam</span> <span class='ocrx_word' id='word_1_171' title='bbox 762 3008 799 3050; x_wconf 91' lang='lat' dir='ltr'>a</span> <span class='ocrx_word' id='word_1_172' title='bbox 856 3008 923 3049; x_wconf 91' lang='lat' dir='ltr'>se</span> <span class='ocrx_word' id='word_1_173' title='bbox 968 2987 1103 3067; x_wconf 91' lang='lat' dir='ltr'>ipso</span> <span class='ocrx_word' id='word_1_174' title='bbox 1146 3008 1534 3064; x_wconf 89' lang='lat' dir='ltr'>concessum,</span> <span class='ocrx_word' id='word_1_175' title='bbox 1579 2988 1905 3072; x_wconf 86' lang='lat' dir='ltr'>Agricolae</span> <span class='ocrx_word' id='word_1_176' title='bbox 1950 3010 2071 3051; x_wconf 89' lang='lat' dir='ltr'>non</span> <span class='ocrx_word' id='word_1_177' title='bbox 2112 2987 2319 3054; x_wconf 84' lang='lat' dir='ltr'>dedit:</span> 
     </span>
     <span class='ocr_line' id='line_1_28' title="bbox 444 3088 2320 3169; baseline -0.001 -18"><span class='ocrx_word' id='word_1_178' title='bbox 444 3091 573 3153; x_wconf 91' lang='lat' dir='ltr'>sive</span> <span class='ocrx_word' id='word_1_179' title='bbox 633 3088 905 3151; x_wconf 87' lang='lat' dir='ltr'>offensus</span> <span class='ocrx_word' id='word_1_180' title='bbox 964 3109 1085 3151; x_wconf 89' lang='lat' dir='ltr'>non</span> <span class='ocrx_word' id='word_1_181' title='bbox 1138 3089 1419 3169; x_wconf 87' lang='lat' dir='ltr'>petitum,</span> <span class='ocrx_word' id='word_1_182' title='bbox 1468 3090 1598 3152; x_wconf 89' lang='lat' dir='ltr'>sive</span> <span class='ocrx_word' id='word_1_183' title='bbox 1657 3110 1733 3151; x_wconf 85' lang='lat' dir='ltr'>ex</span> <span class='ocrx_word' id='word_1_184' title='bbox 1783 3090 2176 3164; x_wconf 90' lang='lat' dir='ltr'>conscientia,</span> <span class='ocrx_word' id='word_1_185' title='bbox 2223 3109 2320 3163; x_wconf 91' lang='lat' dir='ltr'>ne,</span> 
     </span>
     <span class='ocr_line' id='line_1_29' title="bbox 442 3187 2324 3275; baseline -0.002 -22"><span class='ocrx_word' id='word_1_186' title='bbox 442 3191 607 3275; x_wconf 91' lang='lat' dir='ltr'>quod</span> <span class='ocrx_word' id='word_1_187' title='bbox 650 3202 944 3265; x_wconf 85' lang='lat' dir='ltr'>vetuerat,</span> <span class='ocrx_word' id='word_1_188' title='bbox 989 3189 1300 3266; x_wconf 84' lang='lat' dir='ltr'>videretur</span> <span class='ocrx_word' id='word_1_189' title='bbox 1355 3191 1605 3253; x_wconf 90' lang='lat' dir='ltr'>emisse.</span> <span class='ocrx_word' id='word_1_190' title='bbox 1691 3187 2018 3272; x_wconf 85' lang='lat' dir='ltr'>Proprium</span> <span class='ocrx_word' id='word_1_191' title='bbox 2075 3189 2324 3258; x_wconf 87' lang='lat' dir='ltr'>humani</span> 
     </span>
     <span class='ocr_line' id='line_1_30' title="bbox 444 3289 2326 3376; baseline -0.001 -22"><span class='ocrx_word' id='word_1_192' title='bbox 444 3293 672 3376; x_wconf 89' lang='lat' dir='ltr'>ingenii</span> <span class='ocrx_word' id='word_1_193' title='bbox 731 3303 844 3363; x_wconf 86' lang='lat' dir='ltr'>est,</span> <span class='ocrx_word' id='word_1_194' title='bbox 906 3291 1109 3353; x_wconf 89' lang='lat' dir='ltr'>odisse</span> <span class='ocrx_word' id='word_1_195' title='bbox 1168 3312 1356 3374; x_wconf 90' lang='lat' dir='ltr'>quem</span> <span class='ocrx_word' id='word_1_196' title='bbox 1391 3292 1714 3354; x_wconf 86' lang='lat' dir='ltr'>laeseris:</span> <span class='ocrx_word' id='word_1_197' title='bbox 1790 3289 2123 3354; x_wconf 90' lang='lat' dir='ltr'>Domitiani</span> <span class='ocrx_word' id='word_1_198' title='bbox 2181 3311 2326 3353; x_wconf 88' lang='lat' dir='ltr'>vero</span> 
     </span>
     <span class='ocr_line' id='line_1_31' title="bbox 446 3393 2326 3475; baseline 0.001 -22"><span class='ocrx_word' id='word_1_199' title='bbox 446 3405 658 3454; x_wconf 85' lang='lat' dir='ltr'>natura</span> <span class='ocrx_word' id='word_1_200' title='bbox 698 3413 994 3472; x_wconf 88' lang='lat' dir='ltr'>praeceps</span> <span class='ocrx_word' id='word_1_201' title='bbox 1041 3393 1102 3454; x_wconf 90' lang='lat' dir='ltr'>in</span> <span class='ocrx_word' id='word_1_202' title='bbox 1145 3393 1316 3470; x_wconf 89' lang='lat' dir='ltr'>iram,</span> <span class='ocrx_word' id='word_1_203' title='bbox 1350 3405 1415 3455; x_wconf 92' lang='lat' dir='ltr'>et</span> <span class='ocrx_word' id='word_1_204' title='bbox 1443 3415 1566 3475; x_wconf 93' lang='lat' dir='ltr'>quo</span> <span class='ocrx_word' id='word_1_205' title='bbox 1612 3394 1946 3470; x_wconf 90' lang='lat' dir='ltr'>obscurior,</span> <span class='ocrx_word' id='word_1_206' title='bbox 1984 3414 2060 3456; x_wconf 93' lang='lat' dir='ltr'>eo</span> <span class='ocrx_word' id='word_1_207' title='bbox 2104 3394 2326 3455; x_wconf 67' lang='lat' dir='ltr'>irrevo=2</span> 
     </span>
     <span class='ocr_line' id='line_1_32' title="bbox 447 3491 2326 3578; baseline 0.001 -25"><span class='ocrx_word' id='word_1_208' title='bbox 447 3491 713 3565; x_wconf 78' lang='lat' dir='ltr'>cabili0r‚</span> <span class='ocrx_word' id='word_1_209' title='bbox 772 3492 1185 3556; x_wconf 68' lang='lat' dir='ltr'>moderatione</span> <span class='ocrx_word' id='word_1_210' title='bbox 1241 3506 1448 3557; x_wconf 89' lang='lat' dir='ltr'>tamen</span> <span class='ocrx_word' id='word_1_211' title='bbox 1500 3494 1942 3578; x_wconf 85' lang='lat' dir='ltr'>prudentiaque</span> <span class='ocrx_word' id='word_1_212' title='bbox 2001 3494 2326 3577; x_wconf 89' lang='lat' dir='ltr'>Agricolae</span> 
     </span>
     <span class='ocr_line' id='line_1_33' title="bbox 446 3592 2335 3679; baseline 0 -24"><span class='ocrx_word' id='word_1_213' title='bbox 446 3592 824 3656; x_wconf 87' lang='lat' dir='ltr'>leniebatur:</span> <span class='ocrx_word' id='word_1_214' title='bbox 885 3595 1030 3676; x_wconf 91' lang='lat' dir='ltr'>quia</span> <span class='ocrx_word' id='word_1_215' title='bbox 1072 3615 1195 3657; x_wconf 89' lang='lat' dir='ltr'>non</span> <span class='ocrx_word' id='word_1_216' title='bbox 1239 3597 1625 3659; x_wconf 88' lang='lat' dir='ltr'>contumacia</span> <span class='ocrx_word' id='word_1_217' title='bbox 1667 3618 1868 3679; x_wconf 93' lang='lat' dir='ltr'>neque</span> <span class='ocrx_word' id='word_1_218' title='bbox 1927 3597 2089 3659; x_wconf 89' lang='lat' dir='ltr'>inani</span> <span class='ocrx_word' id='word_1_219' title='bbox 2138 3595 2335 3679; x_wconf 74' lang='lat' dir='ltr'>jacta-</span> 
     </span>
     <span class='ocr_line' id='line_1_34' title="bbox 444 3693 2329 3778; baseline 0.002 -21"><span class='ocrx_word' id='word_1_220' title='bbox 444 3694 608 3758; x_wconf 88' lang='lat' dir='ltr'>tione</span> <span class='ocrx_word' id='word_1_221' title='bbox 652 3693 948 3756; x_wconf 81' lang='lat' dir='ltr'>libertatis</span> <span class='ocrx_word' id='word_1_222' title='bbox 984 3693 1213 3759; x_wconf 86' lang='lat' dir='ltr'>famam</span> <span class='ocrx_word' id='word_1_223' title='bbox 1257 3696 1575 3778; x_wconf 87' lang='lat' dir='ltr'>fatumque</span> <span class='ocrx_word' id='word_1_224' title='bbox 1618 3698 2005 3778; x_wconf 89' lang='lat' dir='ltr'>provocabat.</span> <span class='ocrx_word' id='word_1_225' title='bbox 2095 3697 2329 3762; x_wconf 85' lang='lat' dir='ltr'>Sciant.</span> 
     </span>
    </p>
   </div>
  </div>
 </body>
</html>
