2715 4316
1080 401 1164 443 nn
1211 400 1573 444 omninum.
2188 385 2264 445 31

379 571 571 633 quam
621 571 734 631 per
781 549 941 612 hanc
989 547 1247 632 gloriam
1299 549 1616 633 sanguinis
1670 571 1706 612 a
1758 546 2157 612 similitudine
2208 560 2270 613 et

379 653 598 716 inertia
659 651 982 715 Gallorum
1040 662 1417 731 separentur.
1527 650 1737 732 Ipsam
1795 649 2001 713 Rheni
2071 651 2271 732 ripam

379 753 547 816 haud
598 752 787 816 dubie
848 751 1300 814 Germanorum
1355 751 1566 833 populi
1610 752 1837 828 colunt,
1890 751 2266 835 VangioneS,

381 855 659 930 Triboci,
734 851 1056 916 Nemetes,
1174 851 1277 916 Ne
1350 851 1500 917 Ubii
1571 853 1841 936 quidem,
1916 875 2270 937 quanquam

383 955 669 1018 Romana
720 954 958 1017 colonia
1010 975 1151 1017 esse
1207 955 1545 1017 meruerint
1594 975 1668 1016 ac
1712 955 2001 1018 libentius
2046 955 2268 1038 Agrip-

380 1058 674 1137 pinenses
746 1055 1074 1118 conditoris
1158 1055 1254 1118 sui
1333 1055 1580 1118 nomine
1650 1068 1963 1132 vocentur,
2038 1056 2268 1139 origine

381 1158 773 1234 erubescunt,
847 1157 1214 1240 transgressi
1286 1154 1435 1219 olim
1506 1168 1570 1219 et
1641 1157 2055 1238 experimento
2123 1155 2269 1218 fidei

382 1279 572 1338 super
613 1259 813 1339 ipsam
857 1257 1066 1321 Rheni
1108 1258 1305 1339 ripam
1348 1257 1651 1334 collocati,
1697 1268 1768 1320 ut
1809 1268 2103 1328 arcerent,
2147 1277 2272 1319 non

380 1374 452 1422 ut
495 1358 964 1422 custodirentur.
1240 1438 1244 1442 ι

470 1458 720 1523 ΧΧΙΧ.
767 1460 1067 1523 Omnium
1108 1459 1327 1523 harum
1371 1459 1649 1543 gentium
1691 1459 1914 1522 virtute
1957 1458 2271 1542 praecipui

384 1561 623 1636 Batavi,
654 1584 775 1623 non
804 1561 1067 1624 multum
1098 1582 1177 1623 ex
1203 1563 1353 1642 ripa,
1388 1560 1500 1623 sed
1539 1560 1805 1625 insulam
1836 1560 2041 1624 Rheni
2071 1561 2269 1624 amnis

383 1662 613 1737 colunt,
675 1659 1043 1726 Chattorum
1101 1661 1414 1744 quondam
1488 1662 1755 1746 populus
1830 1672 1892 1726 et
1971 1661 2270 1725 seditione

381 1762 722 1826 domestica
765 1764 827 1825 in
871 1783 977 1824 eas
1024 1761 1205 1824 sedes
1257 1771 1698 1846 transgressus,
1744 1762 1809 1825 in
1850 1763 2075 1846 quibus
2125 1783 2269 1848 pars

384 1864 653 1927 Romani
711 1864 949 1944 imperii
1004 1863 1239 1926 fierent.
1329 1862 1544 1927 Manet
1615 1863 1809 1926 honos
1867 1877 1930 1927 et
1985 1864 2270 1946 antiquae

384 1966 694 2029 societatis
752 1965 1034 2048 insigne:
1103 1986 1246 2027 nam
1305 1986 1423 2027 nec
1481 1964 1721 2028 tributis
1779 1976 2268 2038 contemnuntur,

382 2088 501 2130 nec
529 2067 895 2148 publicanus
940 2068 1140 2130 atterit
1167 2088 1183 2129 :
1231 2066 1501 2146 exempti
1531 2065 1816 2127 oneribus
1847 2076 1909 2127 et
1939 2064 2271 2126 collationi-

381 2170 503 2232 bus
561 2180 625 2232 et
678 2182 916 2232 tantum
972 2171 1035 2232 in
1088 2192 1278 2233 usum
1341 2158 1715 2254 proeliorum
1771 2166 2044 2251 sepositi,
2103 2164 2274 2228 velut

383 2273 508 2334 tela
549 2284 731 2353 atque
790 2293 976 2347 arma,
1020 2270 1201 2334 bellis
1258 2282 1665 2333 reservantur.
1755 2261 1875 2331 Est
1930 2268 1994 2330 in
2050 2266 2270 2329 eodem

384 2374 686 2457 obsequio
731 2385 793 2436 et
823 2371 1254 2435 Mattiacorum
1297 2393 1491 2456 gens3
1537 2362 1785 2452 protulit
1828 2371 1993 2433 enim
2034 2368 2271 2452 magni-

384 2474 533 2538 tudo
575 2473 786 2556 populi
832 2473 1099 2537 Romani
1142 2473 1301 2536 ultra
1346 2473 1660 2549 Rhenum,
1706 2469 1985 2555 ultraque
2029 2483 2270 2534 veteres

384 2577 697 2648 termium,
727 2574 967 2659 imperii
1009 2575 1433 2637 reverentiam.
1523 2566 1617 2635 Ita
1648 2573 1793 2636 sede
1822 2572 2175 2655 finibusque
2207 2572 2271 2634 in

386 2698 502 2739 sua
556 2678 707 2761 ripa,
767 2689 972 2738 mente
1029 2674 1356 2757 animoque
1421 2670 1743 2737 nobiscum
1784 2686 2005 2757 agunt,
2066 2685 2271 2736 cetera

387 2776 621 2840 similes
653 2775 921 2851 BataviS,
955 2776 1074 2839 nisi
1105 2775 1272 2859 quod
1314 2776 1451 2860 ipso
1494 2772 1696 2838 adhuc
1725 2787 1918 2838 terrae
1950 2796 2099 2838 suae
2138 2775 2269 2837 solo

386 2892 449 2940 et
494 2878 667 2939 coelo
717 2878 919 2939 acrius
969 2878 1331 2939 animantur.
1421 2874 1567 2938 Non
1615 2877 2065 2939 numeraverim
2115 2878 2271 2939 inter

391 2976 760 3041 Germaniae
803 2977 1084 3058 popuIOS,
1131 2999 1484 3061 quanquam
1527 2989 1690 3039 trans
1722 2977 2013 3040 Rhenum
2055 2976 2270 3040 Danu-

387 3077 683 3160 biumque
769 3076 1172 3153 consederint,
1230 3098 1359 3153 eOS,
1443 3078 1550 3159 qui
1622 3071 2003 3138 Decumates
2090 3096 2268 3157 agros

388 3188 694 3241 exercent.
806 3176 1193 3240 Levissimus
1252 3180 1516 3261 quisque
1567 3175 1901 3239 ‘Gallorum
1957 3186 2019 3236 et
2069 3175 2272 3255 inopia

390 3280 607 3356 audax,
654 3280 877 3344 dubiae
927 3281 1338 3366 possessionis
1386 3280 1589 3342 solum
1634 3296 2032 3357 occupavere.
2121 3275 2274 3340 Mox

387 3380 582 3444 limite
639 3392 777 3444 acto
832 3382 1250 3464 promotisque
1299 3380 1643 3462 praesidiiS,
1691 3379 1863 3440 sinus
1920 3377 2161 3462 imperii
2212 3390 2273 3443 et

388 3504 531 3563 pars
559 3483 907 3563 provinciae
938 3482 1254 3545 habentur.

475 3581 690 3646 XXX.
736 3580 911 3647 Ultra
952 3583 1066 3646 hos
1096 3580 1314 3646 Chatti
1339 3582 1583 3645 initium
1627 3580 1792 3644 sedis
1836 3581 1913 3643 ab
1959 3580 2275 3662 Hercynio

391 3682 553 3745 saltu
594 3682 898 3756 inchoant,
930 3706 1052 3746 non
1093 3681 1178 3747 ita
1221 3683 1438 3745 effusis
1483 3703 1556 3767 ac
1599 3682 1974 3763 palustribus
2018 3683 2171 3744 locis
2214 3693 2275 3743 ut

392 3795 633 3846 ceterae
679 3784 978 3860 civitateS,
1011 3786 1071 3847 in
1116 3805 1270 3867 quas
1319 3780 1654 3845 Germania
1694 3783 1999 3863 patescit3
2048 3779 2275 3842 durant
