2715 4316
460 336 532 390 2(
1079 349 1140 391 c.
1186 347 1381 391 corus.
1427 346 1700 390 merrus

460 506 648 576 nupta
717 507 1027 559 comatur:
1098 494 1208 557 sed
1263 494 1453 557 boves
1511 506 1575 556 et
1622 493 1927 556 frenatum
1983 513 2213 576 equum
2272 505 2333 557 et

459 605 703 657 scutum
732 616 878 657 cum
904 595 1138 657 framea
1177 594 1525 678 gladioque.
1611 593 1686 656 In
1714 593 1869 656 haec
1897 615 2152 656 munera
2179 615 2334 657 uxor

455 695 787 779 ancipitum,
841 707 1023 778 atquc
1071 696 1339 758 invicem
1396 695 1530 775 ipsa
1575 714 1882 757 armorum
1928 693 2158 775 aliquid
2203 694 2332 756 viro

454 794 671 858 affert:
717 794 836 857 hoc
884 796 1226 858 maximum
1274 794 1610 870 vinculum,
1660 793 1815 856 haec
1864 815 2084 857 arcana
2136 815 2328 870 sacra,

454 895 566 958 hos
610 895 963 978 conjugales
1005 895 1156 957 deos
1200 895 1580 958 arbitrantur.
1668 892 1769 956 Ne
1801 915 1868 956 se
1898 894 2120 957 mulier
2162 906 2333 956 extra

451 997 747 1060 virtutum
789 997 1186 1079 cogitationes
1232 1009 1520 1079 extraque
1563 995 1864 1058 bellorum
1907 1016 2091 1057 casus
2134 1008 2327 1080 putet,

452 1097 603 1178 ipsis
687 1096 1032 1178 incipientis
1114 1097 1485 1160 matrimonii
1568 1096 1862 1176 auspiciis
1950 1095 2327 1172 admonetur,

450 1198 657 1260 venire
716 1218 783 1259 se
830 1196 1107 1261 laborum
1163 1196 1699 1282 periculorumque
1759 1196 2009 1272 sociam,
2057 1195 2223 1258 idem
2266 1197 2331 1258 in

451 1319 626 1383 pace,
687 1297 853 1361 idem
910 1299 974 1360 in
1029 1298 1259 1378 proelio
1314 1319 1638 1382 passuram
1693 1318 2149 1379 ausuramque:
2210 1295 2328 1358 hoc

460 1400 659 1483 juncti
700 1399 912 1475 boch‚
958 1398 1076 1461 hoc
1118 1411 1366 1479 paratus
1411 1420 1631 1482 cquuS,
1668 1396 1786 1461 hoc
1828 1397 1969 1461 data
2011 1419 2180 1461 arma
2220 1397 2328 1460 de-

449 1501 729 1562 nuntiant
747 1521 765 1576 ;
815 1501 906 1562 sic
934 1499 1283 1575 vivendum,
1316 1500 1408 1561 sic
1436 1499 1860 1579 pereundum:
1909 1499 2189 1584 accipere
2235 1520 2324 1575 se,

450 1620 609 1683 quae
667 1599 874 1662 liberis
933 1599 1219 1663 inviolata
1276 1619 1349 1662 ac
1400 1599 1587 1682 digna
1642 1599 1874 1676 reddat,
1920 1621 2078 1683 quae
2135 1621 2327 1663 nurus

449 1701 751 1781 accipiant
791 1721 1024 1776 rursus,
1070 1720 1228 1782 quae
1272 1698 1350 1762 ad
1392 1712 1645 1781 nepotes
1697 1698 2053 1764 referantur.

532 1800 714 1865 XIX.
760 1798 930 1882 Ergo
975 1812 1147 1881 septa
1188 1798 1485 1881 pudicitia
1527 1813 1734 1884 agunt,
1780 1801 1965 1865 nullis
2008 1813 2328 1882 spectacu-

447 1901 646 1967 lorum
719 1900 1046 1986 illecebriS,
1120 1901 1304 1964 nullis
1391 1902 1810 1966 conviviorum
1893 1902 2327 1965 irritationibus

446 2014 784 2086 corruptae.
875 2000 1247 2076 Litterarum
1293 2016 1530 2067 secreta
1556 2004 1669 2068 viri
1709 2004 1932 2085 pariter
1959 2025 2032 2066 ac
2062 2003 2326 2066 feminae

445 2106 741 2190 ignorant.
828 2103 1221 2186 Paucissima
1277 2105 1341 2169 in
1384 2117 1508 2170 tam
1559 2126 1887 2182 numerosa
1928 2116 2111 2189 gente
2154 2103 2327 2168 adul-

445 2207 639 2281 teria;
700 2227 961 2289 quorum
1016 2228 1216 2291 poena
1278 2227 1570 2288 praesens
1615 2218 1676 2268 et
1716 2207 1951 2270 maritis
2005 2206 2325 2286 permissa.

445 2308 689 2374 Accisis
735 2307 1026 2381 crinibuS‚
1072 2306 1383 2381 nudatam,
1424 2327 1630 2367 coram
1670 2307 2047 2388 propinquiS‚
2080 2305 2327 2386 expellit

445 2406 627 2468 domo
683 2406 958 2480 maritUS,
1005 2425 1079 2466 ac
1130 2426 1241 2488 per
1298 2426 1542 2467 omnem
1592 2405 1800 2467 vicum
1844 2406 2098 2469 verbere
2156 2408 2324 2490 agit:

444 2503 789 2587 publicatae
847 2506 1011 2567 enim
1067 2505 1397 2586 pudicitiae
1455 2503 1624 2566 nulla
1665 2505 1884 2566 venia:
1943 2527 2066 2568 non
2109 2506 2323 2583 forma,

444 2627 566 2669 non
622 2617 837 2683 aetate,
895 2628 1016 2669 non
1075 2605 1292 2687 opibus
1348 2605 1640 2667 maritum
1696 2605 2010 2669 invenerit.
2120 2606 2327 2671 Nemo

446 2707 612 2770 enim
653 2706 780 2770 illic
823 2708 969 2769 vitia
1023 2706 1217 2770 ridet:
1277 2725 1396 2768 nec
1453 2726 1839 2786 corrumpere
1898 2718 1960 2770 et
2016 2710 2326 2789 corrumpi

447 2807 768 2869 saeculum
812 2818 1083 2869 vocatur.
1172 2805 1404 2868 Melius
1457 2805 1706 2888 quidem
1754 2806 1955 2871 adhuc
2014 2828 2123 2870 eae
2178 2809 2326 2871 civi-

445 2919 621 2983 tates,
667 2908 730 2970 in
774 2908 998 2990 quibus
1042 2918 1278 2969 tantum
1304 2906 1572 2989 virgines
1617 2908 1876 2984 nubunt,
1909 2921 1972 2971 et
2014 2929 2161 2971 cum
2214 2929 2325 2989 spe

445 3021 708 3091 votoque
737 3008 944 3070 uxoris
976 3005 1170 3074 semel
1199 3007 1568 3090 transigitur.
1657 3008 1767 3072 Sic
1794 3030 1989 3072 unum
2017 3010 2326 3091 accipiunt

445 3110 752 3185 maritum,
783 3129 905 3191 quo
949 3107 1132 3170 modo
1159 3128 1355 3171 unum
1398 3128 1622 3194 corpus
1666 3131 1977 3194 unamque
2007 3111 2214 3185 vitam,
2244 3131 2324 3173 ne

447 3211 572 3275 ulla
643 3209 929 3292 cogitatio
998 3208 1174 3284 ultra,
1232 3230 1310 3272 ne
1368 3208 1604 3294 longior
1673 3210 2001 3296 cupiditas,
2060 3231 2136 3273 ne
2194 3222 2326 3273 tan-

447 3331 633 3393 quam
687 3309 992 3386 maritum,
1054 3308 1164 3372 sed
1218 3321 1512 3394 tanquam
1581 3311 2036 3373 matrimonium
2096 3322 2304 3373 ament

446 3409 796 3474 Numerum
837 3409 1168 3474 liberorum
1196 3412 1391 3488 finire,
1423 3423 1529 3474 aut
1571 3430 1923 3493 quenquam
1967 3430 2045 3471 ex
2086 3413 2319 3493 agnatis

446 3531 685 3586 necare,
739 3510 1040 3594 flagitium
1097 3511 1395 3575 habetur:
1454 3511 1718 3593 plusque
1777 3509 1862 3572 ibi
1916 3510 2063 3573 boni
2119 3533 2322 3575 mores
2405 3527 2410 3530 “

450 3611 667 3684 valent,
700 3632 887 3694 quam
915 3612 1060 3675 alibi
1088 3612 1285 3675 bonae
1316 3611 1510 3695 leges.

530 3710 681 3776 XX.
725 3712 800 3775 In
830 3714 994 3777 omni
1023 3712 1205 3776 domo
1241 3713 1394 3776 nudi
1423 3733 1498 3775 ac
1527 3711 1774 3791 sordidi,
1806 3713 1870 3777 in
1897 3713 2011 3778 hos
2040 3727 2227 3792 artu8‚
2257 3714 2318 3778 in
