2715 4316
438 366 522 426 34
1057 378 1116 421 c.
1165 376 1359 421 coms.
1402 375 1676 420 merrus

438 549 571 604 seu,
624 525 931 610 quicquid.
963 525 1193 608 ubique
1243 523 1642 607 magnificum
1693 533 1806 599 est,
1859 523 1924 585 in
1972 521 2311 588 claritatem

440 629 572 712 ejus
600 625 824 690 referre
866 625 1312 689 consensimus,
1391 622 1541 686 'Nec
1569 623 1765 687 defuit
1792 622 2075 686 audentia
2103 622 2312 686 Druso

442 727 849 791 Germanico:
899 725 1009 788 sed
1053 724 1283 788 obstitit
1314 723 1603 787 Oceanus
1633 725 1696 787 in
1725 745 1792 786 se
1823 723 2006 809 simul
2038 737 2220 807 atque
2250 725 2314 788 in

441 829 783 892 Herculem
825 827 1066 911 inquiri.
1159 824 1311 887 Mox
1351 846 1534 888 nemo
1577 825 1871 902 tentavit3
1918 828 2313 908 sanctiusque

441 952 513 993 ac
563 929 938 992 reverentius
982 928 1205 1002 visum,
1235 925 1313 989 de
1343 926 1497 989 actis
1526 926 1784 989 deorum
1824 925 2092 1002 credere,
2124 947 2313 1008 quam

441 1032 619 1094 scire.

523 1126 784 1191 XXXV.
830 1131 1151 1195 Hactenus
1181 1130 1244 1193 in
1275 1128 1680 1193 Occidentem
1711 1127 2107 1192 Germaniam
2146 1130 2317 1193 novi-

441 1255 604 1296 mus.
677 1231 751 1294 In
782 1231 1268 1314 Septentrionem
1298 1230 1530 1314 ingenti
1552 1229 1717 1292 flexu
1744 1228 1919 1292 redit.
1995 1231 2091 1292 Ac
2119 1231 2316 1310 primo

444 1333 646 1396 statim
696 1331 1089 1395 Chaucorum
1131 1352 1306 1414 gens,
1338 1350 1689 1414 quanquam
1730 1329 1979 1410 incipiat
2020 1350 2058 1391 a
2100 1326 2315 1393 Frisiis

443 1454 517 1495 ac
573 1445 809 1516 partem
863 1432 1078 1494 littoris
1139 1443 1418 1512 occupet,
1479 1432 1773 1506 omnium,
1832 1451 1985 1512 quas
2038 1431 2314 1511 exposui,

444 1533 721 1614 gentium
771 1531 1060 1593 lateribus
1106 1530 1469 1607 obtenditur,
1501 1531 1696 1593 donec
1742 1531 1807 1593 in
1838 1533 2083 1594 Chattos
2116 1552 2315 1614 usque

446 1632 738 1694 sinuetur.
847 1629 1012 1692 Tam
1082 1631 1454 1693 immensum
1508 1643 1805 1694 terrarum
1876 1632 2141 1712 spatium
2195 1653 2319 1695 non

447 1742 652 1794 tenent
679 1743 916 1794 tantum
963 1731 1223 1808 Chauci,
1256 1730 1368 1793 sed
1411 1743 1473 1793 et
1514 1731 1809 1813 implent:
1855 1734 2118 1813 populus
2162 1733 2318 1796 iuter

448 1830 790 1894 Germanos
839 1831 1276 1907 nobilissimuS,
1331 1833 1559 1915 quique
1607 1833 2089 1916 magnitudinem
2139 1855 2318 1896 suam

444 1932 617 1997 malit
658 1933 894 2017 justitia
945 1934 1139 1996 tueri:
1187 1934 1318 1996 sine
1365 1933 1716 2018 cupiditate,
1764 1935 1895 1997 sine
1940 1935 2313 2015 impotentia,

445 2035 637 2117 quieti
667 2036 1030 2119 secretique,
1062 2035 1230 2099 nulla
1256 2048 1587 2120 provocant
1622 2036 1800 2112 bella,
1831 2035 2015 2099 nullis
2043 2036 2316 2117 raptibus

446 2147 552 2199 aut
580 2135 907 2200 latrociniis
957 2136 1340 2219 populantur.
1452 2133 1535 2199 Id
1608 2132 2011 2218 praecipuum
2075 2136 2316 2200 virtutis

446 2259 519 2300 ac
547 2238 771 2300 virium
813 2250 1243 2320 argumentum
1283 2249 1396 2312 est,
1428 2236 1611 2319 quod,
1642 2252 1711 2299 ut
1740 2238 2083 2321 superiores
2112 2249 2314 2321 agant,

446 2359 568 2399 non
595 2358 705 2416 per
748 2336 995 2420 injurias
1038 2348 1467 2418 assequuntur.
1554 2334 1848 2420 Prompta
1892 2349 2095 2400 tamen
2125 2339 2317 2401 omni-

445 2437 564 2498 bus
632 2457 816 2511 arma,
876 2455 968 2511 ac,
1030 2436 1083 2498 si
1137 2457 1236 2498 res
1307 2447 1539 2515 poscat,
1599 2438 1922 2513 exercituS,
1981 2439 2318 2520 plurimum

447 2537 711 2600 virorum
742 2556 1160 2618 equorumque
1185 2557 1200 2597 :
1247 2547 1309 2597 et
1336 2536 1793 2617 quiescentibus
1824 2537 2041 2602 eadem
2067 2539 2253 2602 fama.

529 2632 818 2697 XXXVI.
918 2636 994 2699 In
1090 2636 1275 2699 latere
1380 2635 1774 2702 Chaucorum
1845 2641 2316 2725 Chattorumque

453 2737 756 2801 Cherusci
798 2737 1051 2800 nimiam
1078 2758 1152 2800 ac
1195 2749 1568 2800 marcentem
1594 2738 1701 2801 diu
1743 2757 1961 2820 pacem
2002 2741 2317 2805 illacessiti

448 2839 823 2916 nutrierunt3
871 2837 1054 2921 idque
1090 2837 1446 2921 jucundius,
1489 2861 1675 2922 quam
1717 2842 1928 2918 tutiuS,
1972 2841 2128 2905 fuit:
2175 2844 2318 2925 quia

449 2945 603 3004 inter
645 2941 1009 3021 impotentes
1054 2951 1116 3002 et
1144 2938 1377 3002 validos
1406 2939 1563 3003 falso
1608 2943 1932 3024 quiescas;
1978 2944 2085 3006 ubi
2130 2965 2317 3007 manu

449 3043 668 3126 agitur,
714 3039 1017 3103 modestia
1058 3061 1131 3102 ac
1172 3040 1442 3125 probitas
1493 3044 1739 3106 nomina
1782 3046 2111 3128 superioris
2156 3057 2316 3108 sunt.

455 3144 563 3219 Ita,
594 3144 700 3226 qui
732 3141 875 3205 olim
904 3140 1048 3205 boni
1094 3142 1397 3224 aequique
1432 3142 1754 3221 Cherusci,
1785 3167 1949 3209 nunc
1991 3147 2216 3210 inertes
2246 3167 2318 3209 ac

450 3243 618 3307 stulti
668 3254 996 3305 vocantur:
1041 3243 1276 3306 Chattis
1298 3244 1630 3308 victoribus
1681 3245 1920 3308 fortuna
1968 3248 2031 3310 in
2082 3248 2320 3328 sapien·-

449 3346 595 3409 tiam
638 3344 846 3406 cessit.
934 3341 1146 3407 Tracti
1189 3346 1365 3408 ruina
1403 3345 1859 3409 Cheruscorum
1889 3357 1950 3409 et
1977 3346 2143 3423 Fosi,
2177 3369 2321 3411 con-

448 3444 706 3507 termina
746 3464 919 3526 genS,
951 3444 1342 3508 adversarum
1384 3466 1696 3526 rerum‘ex
1722 3465 1920 3527 aequo
1971 3446 2141 3522 socii,
2174 3467 2319 3513 cum

449 3546 512 3608 in
543 3544 829 3610 secundis
859 3546 1124 3608 minores
1153 3545 1436 3609 fuissent.

530 3640 845 3706 XXXVII.
949 3646 1240 3711 Eundem
1326 3646 1692 3710 Germaniae
1776 3648 1980 3713 sinum
2062 3652 2319 3731 proximi

452 3747 703 3811 Oceano
764 3747 1001 3811 Cimbri
1057 3761 1281 3825 tenent,
1311 3770 1498 3829 parva
1531 3770 1695 3812 nunc
1723 3751 1958 3829 civitaS‚
1990 3753 2102 3817 sed
2128 3754 2316 3838 gloria
