2715 4316
368 300 461 360 40
1009 313 1070 355 c.
1119 311 1314 356 eorm.
1360 310 1634 353 'merrus

369 484 444 526 ac
489 460 603 525 soli
647 460 921 525 omnium
966 461 1310 535 succinum,
1356 458 1525 542 quod
1566 459 1683 539 ipsi
1727 457 1973 542 glesum
2014 471 2254 535 vocant,

370 567 528 628 inter
568 563 724 626 vada
779 575 962 645 atque
1013 563 1077 625 in
1121 562 1257 647 ipso
1311 561 1512 623 littore
1569 561 1802 644 legunt.
1891 558 2051 637 Nec,
2097 581 2256 644 quae

370 678 585 728 natura
659 686 894 749 quaeve
945 665 1099 727 ratio
1155 665 1384 747 gignat,
1436 675 1508 726 ut
1560 662 1853 738 barbariS,
1906 664 2260 745 quaesitum

373 779 854 848 compertumve.
961 764 1090 828 Diu
1145 765 1297 848 quin
1368 764 1553 828 etiam
1609 764 1766 826 inter
1822 776 2027 827 cetera
2098 764 2259 849 ejec-

371 879 641 931 tamenta
696 868 885 931 maris
958 866 1221 951 jacebat,
1279 864 1477 928 donec
1537 864 1776 928 luxuria
1831 877 2037 928 nostra
2092 865 2263 929 dedit

372 991 642 1031 nomen:
712 970 864 1054 ipsis
922 970 986 1032 in
1040 968 1209 1031 nullo
1263 987 1431 1030 usu:
1490 966 1642 1029 rude
1698 966 1941 1050 legitur,
2001 965 2261 1029 informe

373 1070 693 1151 perfertur,
751 1071 1141 1154 pretiumque
1198 1070 1489 1132 mirantes
1547 1068 1875 1148 accipiunt.
1983 1066 2264 1131 Succum

376 1185 584 1235 tamen
625 1172 910 1235 arborum
960 1193 1101 1235 esse
1147 1170 1474 1253 intelligas,
1507 1169 1651 1252 quia
1691 1180 1931 1231 terrena
1958 1168 2265 1251 quaedam

377 1287 562 1359 atque
614 1275 800 1338 etiam
825 1274 1099 1338 volucria
1141 1272 1428 1335 animalia
1469 1271 1840 1357 plerumque
1878 1270 2262 1346 interlucent,

377 1397 535 1458 quae
568 1376 879 1457 implicata
932 1375 1211 1449 humore,
1238 1394 1402 1449 mox,
1433 1372 1799 1445 durescente
1829 1372 2102 1448 materia,
2136 1372 2267 1434 clu-

377 1462 622 1540 duntur.
733 1474 1120 1553 Fecundiora
1175 1475 1365 1558 igitur
1418 1495 1670 1537 nemora
1724 1458 2070 1555 lucosque,
2107 1473 2269 1536 sicut

381 1576 650 1640 Orientis
696 1577 968 1652 secretis,
999 1575 1108 1638 ubi
1152 1574 1330 1638 thura
1372 1574 1770 1657 balsamaque
1817 1574 2131 1651 sudantur,
2178 1575 2264 1638 ita

380 1678 737 1743 Occidentis
782 1678 999 1741 insulis
1042 1679 1343 1760 terrisque
1388 1678 1614 1752 inesse,
1647 1676 2057 1754 crediderim3
2105 1697 2266 1759 quae

376 1780 564 1845 vicini
608 1779 755 1843 solis
799 1779 986 1842 radiis
1030 1800 1321 1860 expressa
1378 1790 1561 1861 atque
1604 1778 1901 1862 liquentia
1951 1778 2016 1841 in
2066 1778 2268 1858 proxi-

378 1901 553 1944 mum
604 1901 772 1943 mare
822 1880 1129 1956 labuntur,
1175 1901 1250 1942 ac
1298 1881 1361 1943 vi
1413 1891 1850 1960 tempestatum
1900 1879 1964 1941 in
2014 1878 2270 1942 adversa

378 1983 578 2047 littora
636 1982 963 2046 exundant.
1067 1982 1137 2045 Si
1194 1995 1473 2045 naturam
1531 1981 1767 2045 succini
1824 1979 2069 2043 admoto
2128 1980 2270 2063 igne

380 2097 599 2162 tenteS,
632 2085 695 2148 in
730 2085 987 2148 modum
1029 2083 1245 2149 taedae
1289 2083 1665 2160 accenditur,
1696 2083 1924 2167 alitque
1952 2081 2269 2145 flammam

376 2187 675 2270 pinguem
731 2198 794 2250 et
851 2187 1156 2249 olentem:
1216 2207 1363 2247 mox
1418 2197 1488 2247 ut
1543 2186 1606 2246 in
1664 2185 1869 2268 picem
1925 2184 2269 2248 resinamve

381 2286 685 2350 lentescit.
804 2285 1140 2348 Suionibus
1203 2284 1490 2347 Sitonum
1546 2296 1763 2366 gentes
1821 2285 2268 2348 continuantur.

306 2441 311 2448 .
385 2386 610 2450 Cetera
667 2386 920 2461 simileS,
966 2406 1091 2448 uno
1148 2384 1456 2460 differunt,
1503 2383 1666 2465 quod
1710 2383 1941 2448 femina
1996 2385 2270 2449 domina-

379 2500 519 2551 tur:
581 2487 643 2549 in
700 2498 937 2549 tantum
992 2507 1115 2548 non
1170 2484 1353 2548 modo
1398 2506 1435 2547 a
1475 2484 1774 2563 libertate,
1822 2486 1934 2549 sed
1991 2489 2178 2551 etiam
2233 2509 2265 2551 a

381 2589 670 2652 servitute
703 2587 1097 2671 degenerant.

463 2686 684 2752 XLVI.
758 2688 886 2752 Hic
961 2688 1227 2751 Sueviae
1298 2688 1461 2752 finis.
1574 2687 1994 2754 Peucinorum
2066 2691 2243 2755 Vene

379 2792 720 2876 dorumque
750 2804 813 2854 et
840 2789 1193 2854 Fennorum
1234 2791 1511 2854 nationes
1557 2790 1885 2856 Germanis
1915 2814 1991 2855 an
2026 2793 2242 2857 Sarma

379 2895 459 2958 tis
489 2894 813 2969 ascribam,
846 2893 1086 2956 dubito:
1136 2913 1488 2976 quanquam
1519 2892 1801 2971 Peucini,
1832 2916 1988 2978 quos
2019 2896 2271 2978 quidam

381 2995 712 3060 Bastarnas
755 3007 992 3070 vocant,
1039 3015 1341 3071 sermone,
1388 2995 1579 3072 cultu,
1627 2996 1775 3060 sede
1819 3018 1893 3060 ac
1921 2997 2268 3075 domiciliis,

380 3111 450 3162 ut
496 3097 809 3174 Germani,
857 3108 1066 3180 agunt.
1157 3096 1386 3160 Sordes
1436 3100 1712 3163 omnium
1753 3120 1827 3162 ac
1872 3113 2076 3186 torpor
2131 3122 2270 3186 pro·

381 3221 637 3264 cerum:
720 3198 1041 3263 connubiis
1108 3199 1337 3277 mixtiS,
1397 3200 1671 3264 nonnihil
1728 3201 1791 3264 in
1850 3201 2272 3266 Sarmatarum

381 3302 660 3365 habitum
729 3299 1071 3364 foedantur.
1196 3298 1438 3365 Venedi
1508 3301 1774 3365 multum
1846 3322 1924 3364 ex
1993 3303 2269 3366 moribus

381 3404 709 3467 traxerunt.
796 3401 965 3465 Nam
1000 3402 1300 3486 quidquid
1341 3404 1499 3466 inter
1542 3401 1853 3465 Peucinos
1899 3401 2269 3487 Fennosque

383 3502 674 3566 silvarum
729 3524 803 3566 ac
859 3505 1162 3567 montium
1220 3504 1489 3587 erigitur,
1549 3501 1880 3564 latrociniis
1937 3516 2268 3582 pererrant.

386 3604 471 3668 Hi
516 3617 721 3667 tamen
765 3606 920 3668 inter
968 3604 1315 3671 Germanos
1361 3605 1567 3689 potius
1611 3602 1973 3681 referuntur,
2019 3605 2165 3687 quia
2208 3617 2269 3669 et

381 3707 595 3770 domos
675 3705 880 3792 figunt
948 3718 1010 3769 et
1068 3719 1244 3769 scuta
1314 3717 1559 3788 gestant
1614 3717 1677 3769 et
1729 3704 1963 3791 pedum
2017 3726 2138 3771 usu
2195 3729 2270 3773 ac
