2715 4316
412 348 494 404 56
1060 363 1120 403 c.
1168 357 1363 403 conN.
1411 356 1634 402 'mon-1

405 531 738 592 servosque
794 509 1080 591 publicae
1125 510 1250 572 rei:
1308 531 1428 571 non
1491 507 1710 571 studiis
1766 507 2018 588 privatis
2063 527 2179 569 nec
2224 525 2301 571 ex

406 611 932 673 commendatione
1006 623 1113 673 aut
1182 611 1471 691 precibus
1560 610 1987 672 centurionum
2074 608 2302 671 milites

405 716 621 791 ascire,
670 715 780 777 sed
840 716 1139 797 optimum
1210 731 1516 797 quemque
1601 711 1979 781 fidissimum
2035 725 2298 794 putare:

406 818 609 879 omnia
673 818 851 893 scire,
914 837 1035 878 non
1101 816 1305 878 omnia
1364 815 1667 897 exsequi:
1743 814 1947 898 parvis
2025 815 2301 898 peccatis

404 919 667 994 veniam,
712 919 954 1002 magnis
1001 917 1391 980 severitatem
1444 914 1879 978 commodare:
1943 936 2057 977 nec
2102 936 2302 995 poena

406 1042 669 1101 semper,
747 1020 857 1083 sed
932 1021 1178 1101 saepius
1258 1018 1633 1099 poenitentia
1706 1029 2029 1079 contentus
2105 1038 2245 1079 esse
2283 1037 2298 1079 :

405 1123 626 1185 officiis
685 1136 747 1186 et
804 1120 1428 1185 administrationibus
1494 1120 1700 1200 potius
1758 1141 1880 1181 non
1935 1130 2301 1199 peccaturos

402 1247 798 1311 praeponere,
853 1246 1039 1308 quam
1097 1223 1405 1298 damnare,
1468 1243 1613 1284 cum
1669 1234 2055 1302 peccassent.
2144 1219 2302 1283 Fru-

405 1330 593 1391 menti
641 1341 702 1391 et
745 1327 1110 1390 tributorum
1155 1326 1506 1388 auctionem
1550 1323 1917 1407 aequalitate
1970 1344 2301 1394 munerum

403 1430 661 1505 mollire,
709 1428 1114 1502 circumcisiS,
1163 1448 1341 1509 quae,
1391 1427 1455 1488 in
1498 1437 1826 1509 quaestum
1872 1437 2129 1505 reperta,
2164 1425 2301 1504 ipso

402 1531 629 1592 tributo
672 1530 919 1613 gravius
980 1527 1429 1591 tolerabantur:
1485 1548 1750 1610 namque
1796 1548 1907 1607 per
1965 1526 2299 1588 ludibrium

404 1631 674 1694 assidere
721 1630 950 1693 clausis
996 1630 1227 1692 horreis
1274 1642 1336 1692 et
1394 1651 1600 1691 emere
1647 1629 1805 1693 ultro
1850 1629 2180 1703 frumenta,
2224 1651 2300 1691 ac

404 1732 667 1796 vendere
711 1733 906 1813 pretio
952 1732 1370 1816 cogebantur:
1419 1731 1690 1794 devortia
1734 1733 2021 1795 itinerum
2068 1745 2129 1793 et
2168 1730 2300 1793 lon·

404 1836 714 1918 ginquitas
743 1835 1065 1919 regionum
1097 1833 1498 1908 indicebatur,
1531 1846 1601 1896 ut
1631 1835 1909 1897 civitates
1941 1855 1977 1895 a
2005 1834 2298 1914 proximis

402 1937 675 2000 hibernis
733 1938 796 2000 in
867 1948 1101 1999 remota
1158 1948 1220 1998 et
1278 1936 1414 1998 avia
1486 1935 1798 2010 referrent,
1859 1936 2076 2011 donec,
2133 1934 2298 2017 quod

405 2040 691 2103 omnibus
737 2040 799 2103 in
841 2051 1128 2120 promptu
1173 2050 1320 2113 erat,
1368 2038 1584 2118 paucis
1629 2036 1945 2099 lucrosum
1973 2026 2185 2099 fieret.

491 2141 641 2206 XX.
688 2141 868 2206 Haec
911 2142 1109 2223 primo
1155 2142 1361 2205 statim
1407 2162 1565 2203 anno
1611 2139 2088 2220 comprimendO,
2122 2162 2296 2224 egre-

404 2246 571 2329 giam
617 2244 844 2307 famam
899 2245 1041 2328 paci
1086 2243 1527 2319 circumdedit3
1575 2263 1733 2325 quae
1777 2242 1877 2304 vel
1922 2243 2155 2305 incuria
2198 2243 2296 2305 vel

404 2346 785 2409 intolerantia
826 2346 1094 2424 priorum
1137 2343 1301 2406 haud
1351 2345 1560 2406 minus
1604 2365 1792 2426 quam
1836 2343 2070 2406 bellum
2121 2345 2297 2426 time·

403 2447 604 2508 batur.
695 2441 842 2520 Sed,
889 2445 998 2507 ubi
1055 2457 1259 2507 aestas
1317 2445 1581 2521 advenit,
1630 2457 1942 2508 contracto
2000 2447 2295 2519 exercitu,

406 2547 637 2610 multus
683 2548 743 2609 in
790 2547 1033 2629 agmine
1078 2545 1326 2608 laudare
1373 2547 1761 2622 modestiam,
1791 2547 2081 2630 disjectos
2128 2569 2272 2610 coer

404 2671 544 2714 cere
574 2670 588 2711 :
638 2648 773 2711 loca
802 2649 1019 2711 castris
1051 2650 1183 2729 ipse
1215 2670 1455 2729 capere,
1489 2650 1795 2711 aestuaria
1825 2671 1897 2711 ac
1928 2649 2116 2711 silvas
2164 2650 2291 2730 ipse

404 2764 834 2837 praetentare3
901 2763 961 2814 et
1020 2750 1170 2813 nihil
1228 2752 1470 2813 interim
1528 2750 1692 2832 apud
1750 2751 1958 2813 hostes
2019 2753 2295 2833 quietum

402 2853 548 2934 pati,
582 2874 704 2935 quo
734 2853 938 2914 minus
971 2851 1190 2914 subitis
1222 2851 1585 2913 excursibus
1615 2852 2040 2933 popularetur:
2089 2865 2293 2935 atque,

402 2954 508 3016 ubi
556 2953 703 3015 satis
749 2965 1061 3027 terruerat,
1093 2952 1399 3033 parcendo
1445 2975 1658 3015 rursus
1705 2954 2079 3015 irritamenta
2125 2955 2295 3033 pacis
2357 2953 2360 2956 ’

403 3068 728 3118 ostentare.
818 3052 1066 3127 Quibus
1118 3054 1303 3116 rebus
1366 3053 1595 3116 multae
1655 3054 1953 3128 civitateS,
2015 3075 2174 3136 quae
2234 3054 2295 3115 in

402 3158 578 3221 illum
630 3156 797 3219 diem
848 3176 925 3217 ex
969 3176 1168 3238 aequo
1219 3168 1489 3239 egerant,
1537 3154 1694 3218 datis
1749 3155 2087 3230 obsidibuS‚
2145 3156 2296 3218 iram

402 3279 686 3340 posuere,
741 3269 801 3319 et
849 3256 1170 3337 praesidiis
1216 3257 1611 3339 castellisque
1664 3256 2077 3320 circumdatae
2132 3270 2297 3319 tanta

401 3362 633 3423 ratione
685 3380 976 3442 curaque,
1008 3371 1079 3421 ut
1130 3358 1298 3421 nulla
1349 3371 1488 3421 ante
1540 3357 1892 3421 Britanniae
1944 3380 2103 3420 nova
2154 3379 2296 3439 pars

401 3462 734 3526 illacessita
777 3461 1101 3523 transierit.

488 3563 672 3627 XXI.
739 3563 1024 3646 Sequens
1093 3562 1293 3625 hiems
1362 3562 1779 3625 saluberrimis
1851 3562 2125 3625 consiliis
2194 3562 2298 3624 ab·

404 3679 683 3747 sumpta:
732 3687 1018 3748 namque,
1051 3677 1120 3726 u‘.
1148 3664 1430 3727 homines
1455 3664 1716 3745 dispersi
1750 3686 1823 3727 ac
1854 3663 2062 3739 rudes,
2098 3686 2297 3748 eoque

406 3771 464 3831 in
511 3768 676 3830 bella
716 3767 951 3842 facileS,
998 3787 1082 3848 qu
1115 3767 1188 3827 eti
1233 3777 1295 3827 et
1340 3766 1462 3827 otio
1514 3786 1625 3846 per
1653 3766 1996 3847 voluptates
2047 3787 2296 3828 assues-
