2715 4316
1128 337 1473 380 Acmcom.
2168 321 2251 380 47

355 487 607 552 Nerone
651 498 1020 567 temporum,
1066 486 1293 568 quibus
1338 485 1555 548 inertia
1603 505 1714 565 pro
1771 485 2069 565 sapientia
2112 484 2251 548 fuit.

352 589 532 654 Idem
570 600 893 669 praeturae
922 599 1096 650 tenor
1126 598 1187 649 et
1216 586 1530 649 silentium
1555 607 1571 662 ;
1617 607 1733 648 nec
1764 586 1930 649 enim
1966 586 2254 668 jurisdic-

349 692 438 755 tio
469 690 839 753 obvenerat:
887 687 1066 751 ludos
1112 700 1174 750 et
1216 688 1421 750 inania
1462 686 1709 750 honoris
1753 685 1959 749 medio
2002 688 2251 750 rationis

353 804 538 875 atque
584 789 993 853 abundantiae
1022 788 1215 865 duxit,
1247 789 1339 851 uti
1369 788 1550 871 longe
1581 809 1618 850 a
1645 787 1905 863 luxuria,
1939 788 2022 850 ita
2051 788 2251 851 famae

350 894 618 975 propior.
707 891 881 954 Tum
938 891 1174 953 electus
1220 911 1258 952 a
1302 888 1505 952 Galba
1549 887 1628 952 ad
1668 888 1828 952 dona
1882 889 2253 971 templorum

354 990 873 1076 recognoscenda,
919 991 1389 1075 diligentissima
1445 991 1891 1073 conquisitione
1947 989 2115 1067 fecit,
2173 1012 2252 1053 ne

356 1094 537 1178 cujus
586 1094 837 1158 alterius
897 1093 1290 1177 sacrilegium
1333 1092 1705 1176 respublica,
1752 1113 1940 1175 quam
1985 1090 2251 1155 Neronis

358 1196 680 1258 sensisset.

443 1295 595 1359 VII.
639 1295 924 1379 Sequens
955 1316 1151 1358 annus
1179 1295 1350 1379 gravi
1378 1294 1633 1357 vulnere
1665 1295 1942 1357 animum
1970 1293 2252 1358 domum-

357 1418 481 1483 que
512 1399 648 1482 ejus
678 1397 920 1461 afflixit:
969 1419 1112 1460 nam
1142 1396 1360 1460 classis
1392 1395 1756 1472 Othoniana,
1790 1396 2046 1459 licenter
2073 1417 2249 1481 vaga,

356 1500 511 1564 dum
540 1499 895 1563 Intemelios
925 1498 1250 1582 (Liguriae
1300 1520 1443 1580 pars
1497 1498 1621 1577 est)
1649 1498 1951 1561 hostiliter
1998 1499 2254 1584 popula-

355 1614 475 1678 tur,
534 1614 794 1664 matrem
849 1599 1177 1684 Agricolae
1236 1601 1300 1663 in
1363 1599 1630 1681 praediis
1704 1601 1835 1662 suis
1906 1599 2248 1664 interfecit:

355 1702 729 1786 praediaque
760 1703 894 1784 ipsa
923 1715 985 1766 et
1012 1723 1302 1785 magnam
1340 1702 1688 1783 patrimonii
1716 1714 1953 1786 partem
1981 1703 2250 1784 diripuit,

357 1826 518 1889 quae
550 1826 740 1867 causa
784 1803 993 1867 caedis
1023 1803 1243 1867 fuerat.
1332 1803 1531 1887 Igitur
1559 1803 1636 1865 ad
1667 1803 1965 1867 solemnia
2007 1804 2251 1884 pietatis

353 1905 670 1988 profectus
742 1905 1052 1989 Agricola,
1126 1905 1340 1967 nuntio
1419 1904 1688 1967 affectati
1760 1926 1797 1967 a
1867 1902 2253 1988 Vespasiano

356 2008 599 2088 imperii
642 2005 1063 2088 deprehensus
1107 2027 1182 2068 ac
1228 2006 1435 2068 statim
1477 2006 1543 2069 in
1584 2018 1787 2086 partes
1833 2016 2253 2088 transgressus

357 2122 475 2173 est.
585 2108 768 2173 Initia
834 2107 1210 2190 principatus
1268 2128 1342 2171 ac
1400 2117 1628 2171 statum
1689 2107 1860 2170 urbis
1920 2104 2252 2170 Mucianus

355 2211 629 2295 regebat,
680 2208 914 2294 juvene
963 2206 1294 2272 admodum
1341 2208 1701 2273 Domitiano
1758 2222 1820 2272 et
1871 2229 1948 2271 ex
2003 2221 2254 2293 paterna

355 2312 600 2375 fortuna
643 2322 884 2374 tantum
928 2309 1245 2373 licentiam
1298 2321 1657 2392 usurpante.
1746 2310 1811 2373 Is
1859 2309 2126 2373 missum
2176 2310 2254 2375 ad

353 2413 642 2477 delectus
701 2411 970 2496 agendos
1029 2411 1387 2496 Agricolam
1459 2411 1818 2496 integreque
1875 2433 1949 2475 ac
2007 2425 2252 2476 strenue

354 2526 689 2591 versatum,
746 2514 1079 2576 vicesimae
1137 2513 1385 2597 legioni,
1438 2511 1608 2575 tarde
1665 2514 1744 2576 ad
1802 2526 2253 2578 sacramentum

355 2628 799 2700 transgressae,
838 2615 1210 2698 praeposuit,
1241 2614 1350 2678 ubi
1396 2614 1690 2679 decessor
1732 2615 2021 2679 seditiose
2066 2637 2252 2701 agere

354 2716 748 2779 narrabatur:
796 2715 1023 2797 quippe
1067 2715 1287 2798 legatis
1317 2736 1565 2799 quoque
1611 2716 2035 2780 consularibus
2064 2718 2254 2780 nimia

356 2839 433 2880 ac
461 2816 855 2880 formidolosa
898 2827 1047 2879 erat.
1134 2814 1276 2878 Nec
1318 2816 1563 2901 legatus
1609 2820 1948 2899 praetorius
1978 2820 2056 2882 ad
2085 2819 2253 2882 cohi-

354 2916 633 2981 bendum
660 2928 900 2998 potenS,
932 2918 1256 2993 incertum,
1290 2939 1405 2981 suo
1435 2940 1514 2982 an
1542 2918 1809 2983 militum
1838 2920 2122 3004 ingenio:
2169 2921 2255 2984 ita

359 3038 688 3082 successor
717 3017 904 3081 simul
932 3029 995 3079 et
1020 3017 1183 3080 ultor
1211 3017 1468 3095 electuS,
1499 3020 1812 3083 rarissima
1838 3019 2253 3084 moderatione

358 3119 578 3184 maluit
605 3118 800 3182 videri
830 3119 1140 3182 invenisse
1170 3119 1385 3197 bonOS,
1418 3142 1604 3204 quam
1632 3120 1882 3184 fecisse.

446 3218 629 3283 VIII.
688 3218 979 3283 Praeerat
1046 3232 1195 3283 tunc
1251 3219 1601 3286 Britanniae
1659 3220 1905 3284 Vettius
1978 3219 2253 3285 Bolanus

357 3321 685 3404 placidius,
744 3343 934 3405 quam
986 3320 1177 3387 feroci
1232 3325 1546 3405 provincia
1591 3323 1851 3407 dignum
1901 3336 2037 3387 est:
2098 3335 2253 3387 tem·

359 3424 595 3506 peravit
622 3423 914 3507 Agricola
940 3423 1068 3487 vim
1098 3445 1277 3488 suam
1305 3424 1708 3510 ardoremque
1739 3427 2142 3507 compescuit,
2174 3449 2252 3491 ne

360 3525 769 3601 incresceret3
815 3524 1049 3606 peritus
1093 3525 1351 3609 obsequi
1382 3525 1782 3609 eruditusque
1811 3527 1990 3591 utilia
2032 3528 2255 3592 hones-

360 3627 441 3688 tis
510 3626 799 3688 miscere.
927 3622 1114 3690 Brevi
1183 3626 1405 3689 deinde
1479 3624 1795 3691 Britannia
1867 3630 2257 3693 consularem

360 3724 661 3791 Petilium
693 3724 1006 3790 Cerialem
1048 3727 1309 3809 accepit.
1397 3726 1772 3792 Habuerunt
1812 3732 2070 3796 virtutes
2115 3751 2253 3811 spa-
