2715 4316
448 325 535 386 28
1068 339 1129 382 c.
1175 337 1370 382 corus.
1413 337 1686 382 ‘merrus

448 487 674 552 moris:
722 497 784 549 et
810 485 1105 571 poscendi
1135 486 1402 549 invicem
1430 485 1648 549 eadem
1675 485 1957 549 facilitas.
2035 485 2325 552 Gaudent

448 589 848 652 muneribus:
925 587 1036 650 sed
1105 608 1221 650 nec
1277 587 1420 650 data
1491 589 1809 669 imputant,
1867 609 1985 651 nec
2055 590 2325 671 acceptis

451 689 813 771 obligantur.
900 686 1121 751 Victus
1166 688 1322 751 inter
1363 688 1638 773 hospites
1684 689 1898 752 comis.

534 788 750 853 XXII.
799 789 1021 853 Statim
1064 810 1098 852 e
1139 810 1373 866 somno,
1419 810 1607 872 quem
1648 789 2010 872 plerumque
2054 791 2118 853 in
2160 790 2328 854 diem

450 890 791 966 extrahunt,
858 890 1152 967 lavantur,
1213 890 1460 972 saepius
1532 890 1748 967 calida,
1806 903 1876 954 ut
1946 890 2109 971 apud
2168 913 2326 974 quos

448 992 781 1073 plurimum
841 991 1040 1055 hiems
1100 1004 1380 1073 occupat.
1490 988 1676 1055 Lauti
1748 991 1958 1056 cibum
2028 992 2322 1076 capiunt:

451 1105 763 1175 separatae
822 1093 1079 1177 singulis
1138 1092 1319 1156 sedes
1364 1103 1428 1155 et
1469 1113 1582 1155 sua
1624 1093 1849 1175 cuique
1892 1092 2145 1155 mensa:
2193 1105 2327 1155 tum

448 1194 527 1257 ad
570 1195 831 1278 negotia,
877 1216 994 1258 nec
1036 1195 1241 1258 minus
1286 1214 1472 1278 saepe
1517 1192 1594 1256 ad
1650 1193 1945 1268 convivia,
1991 1192 2330 1273 procedunt

449 1297 685 1359 armati.
772 1294 960 1359 Diem
1015 1307 1380 1378 noctemque
1438 1294 1788 1357 continuare
1843 1292 2127 1374 potando,
2171 1293 2328 1356 nulli

448 1396 757 1475 probrum.
865 1393 1151 1470 Crebrae,
1210 1405 1282 1457 ut
1335 1395 1493 1457 inter
1540 1394 1900 1470 vinolentoS,
1953 1394 2140 1469 rixae,
2190 1414 2329 1456 raro

451 1495 764 1570 conviciiS,
820 1496 1066 1574 saepius
1123 1494 1311 1557 caede
1366 1507 1429 1558 et
1478 1494 1832 1557 vulneribus
1888 1495 2325 1578 transiguntur.

452 1594 582 1657 Sed
610 1608 672 1656 et
700 1593 776 1656 de
806 1593 1269 1656 reconciliandis
1314 1596 1576 1658 invicem
1606 1596 1869 1659 inimicis
1899 1607 1960 1658 et
1995 1594 2327 1679 jungendis

451 1692 845 1756 affinitatibus
889 1704 951 1755 et
995 1692 1368 1756 asciscendis
1408 1695 1806 1775 principibus,
1837 1695 1914 1758 de
1958 1716 2110 1776 pace
2153 1694 2325 1758 deni-

450 1815 571 1876 que
644 1815 717 1856 ac
779 1792 944 1856 bello
1007 1793 1371 1877 plerumque
1439 1795 1501 1857 in
1566 1796 1861 1859 conviviis
1935 1795 2323 1859 consultant:

452 1906 740 1978 tanquam
811 1894 978 1958 nullo
1061 1896 1260 1979 magis
1344 1907 1618 1980 tempore
1690 1908 1796 1960 aut
1866 1897 1944 1959 ad
2015 1897 2327 1978 simplices

451 1998 849 2080 cogitationes
892 2008 1095 2078 pateat
1137 1997 1400 2072 animuS,
1431 2009 1537 2061 aut
1564 1997 1643 2061 ad
1678 2019 1933 2082 magnas
1975 1997 2326 2061 incalescat.

454 2095 627 2162 Gens
683 2120 805 2163 non
861 2111 1063 2163 astuta
1117 2120 1234 2163 nec
1292 2098 1514 2163 callida
1570 2101 1763 2185 aperit
1818 2097 2019 2162 adhuc
2091 2109 2331 2162 secreta

448 2201 713 2281 pectoris
756 2195 1003 2263 licentia
1036 2200 1182 2282 joci.
1270 2198 1442 2282 Ergo
1470 2199 1711 2261 detecta
1739 2211 1801 2262 et
1841 2198 2007 2262 nuda
2051 2200 2329 2262 omnium

450 2322 626 2363 mens
677 2312 922 2381 postera
963 2300 1063 2361 die
1107 2311 1481 2375 retractatur,
1513 2312 1576 2360 et
1603 2298 1771 2361 salva
1815 2300 2131 2383 utriusque
2176 2312 2329 2363 tem-

450 2401 614 2480 poris
670 2400 821 2462 ratio
878 2411 1014 2461 est:
1092 2397 1447 2474 deliberant,
1506 2397 1656 2460 dum
1709 2398 1939 2481 fingere
1997 2402 2325 2479 nesciunt;

452 2499 847 2574 constituunt,
879 2498 1029 2561 dum
1058 2519 1255 2561 errare
1284 2520 1409 2560 non
1435 2508 1713 2579 possunt.

536 2598 789 2663 XXIII.
835 2598 1021 2662 Potui
1076 2593 1297 2661 humor
1348 2620 1426 2662 ex
1475 2597 1703 2661 hordeo
1746 2612 1852 2663 aut
1895 2598 2217 2678 frumento,
2264 2603 2330 2665 in

453 2700 759 2784 quandam
790 2699 1251 2764 similitudinem
1278 2701 1404 2763 vini
1434 2712 1773 2780 corruptus.
1860 2700 2132 2765 Proximi
2160 2703 2327 2784 ripae

452 2813 515 2864 et
542 2801 755 2864 vinum
782 2812 1148 2863 mercantur.
1239 2798 1387 2878 Cibi
1431 2799 1743 2881 simplices
1772 2822 1787 2877 ;
1835 2802 2096 2885 agrestia
2123 2823 2326 2882 poma,

451 2922 668 2965 recens
697 2900 846 2976 fera,
879 2913 984 2964 aut
1026 2900 1123 2964 lac
1169 2912 1544 2964 concretum.
1636 2901 1785 2965 Sine
1833 2914 2145 2987 apparatu,
2196 2903 2326 2965 sine

451 3000 901 3076 blandimentiS,
949 2995 1258 3080 expellunt
1300 2998 1548 3063 famem.
1636 3000 1955 3065 Adversus
2001 3002 2164 3064 sitim
2208 3021 2330 3064 non

454 3100 673 3164 eadem
743 3100 1162 3181 temperantia.
1292 3099 1363 3163 Si
1436 3099 1763 3165 indulseris
1837 3101 2112 3164 ebrietati
2184 3122 2327 3184 sug·

454 3202 721 3285 gerendo
776 3213 1074 3285 quantum
1145 3202 1606 3282 concupiscunt,
1666 3202 1831 3265 haud
1886 3203 2091 3265 minus
2147 3199 2329 3265 facile

453 3303 639 3379 vitiis,
686 3322 874 3385 quam
916 3302 1102 3365 armis
1144 3302 1483 3365 vincentur.

540 3400 786 3466 XXIV.
833 3401 1051 3465 Genus
1097 3404 1588 3483 spectaculorum
1638 3425 1833 3468 unum
1860 3415 2043 3487 atque
2074 3404 2137 3466 in
2165 3425 2328 3468 omni

456 3516 636 3567 coetu
683 3503 869 3567 idem.
957 3502 1129 3567 Nudi
1165 3504 1446 3587 juveneS,
1492 3505 1716 3587 quibus
1762 3504 1825 3568 id
1865 3504 2172 3568 ludicrum
2215 3516 2329 3582 est,

456 3606 614 3668 inter
655 3604 890 3688 gladios
936 3625 1003 3667 se
1047 3616 1230 3687 atque
1276 3603 1529 3668 infestas
1572 3604 1837 3668 frameas
1882 3605 2041 3669 saltu
2078 3618 2329 3689 jaciunt.

460 3702 836 3774 Exercitatio
859 3717 1050 3768 artem
1088 3705 1342 3798 paravit,
1375 3725 1472 3767 ars
1500 3703 1826 3780 decorem:
1872 3727 1995 3770 non
2022 3706 2088 3769 in
2113 3726 2328 3789 quaes-
