2715 4316
1188 365 1505 411 Acmcom
2225 351 2311 411 57

410 530 637 596 cerent,
677 516 903 580 hortari
944 516 1249 598 privatim,
1296 516 1585 601 adjuvare
1628 514 1897 597 publice,
1942 528 2014 579 ut
2055 516 2301 597 templa,

407 622 557 697 fora,
604 620 828 684 domus
887 631 1287 694 exstruerent,
1333 617 1640 681 laudando
1695 629 2009 700 promptos
2067 630 2130 681 et
2172 640 2305 682 cas·

407 720 658 806 tigando
690 741 954 804 segnes:
1001 721 1086 783 ita
1129 719 1376 782 honoris
1422 719 1754 782 aemulatio
1795 741 1906 801 pro
1934 722 2304 784 necessitate

410 839 556 886 erat.
647 821 790 885 Jam
841 843 989 884 vero
1042 822 1395 903 principum
1445 820 1606 883 filios
1662 820 2020 884 liberalibus
2072 823 2305 885 artibus

408 924 675 1001 crudire,
742 936 805 987 et
875 924 1121 1008 ingenia
1190 922 1627 987 Britannorum
1700 923 1920 986 studiis
1984 922 2305 988 Gallorum

407 1025 733 1101 anteferre,
766 1037 853 1102 ut,
886 1026 992 1108 qui
1022 1023 1206 1087 modo
1249 1023 1527 1107 linguam
1558 1022 1907 1087 Romanam
1934 1024 2304 1102 abnuebant,

407 1128 827 1212 eloquentiam
870 1127 1399 1207 concupiscerent.
1491 1125 1643 1189 Inde
1675 1127 1863 1189 etiam
1889 1125 2136 1189 habitus
2165 1148 2307 1189 nos-

409 1231 482 1293 tri
514 1223 708 1293 honor
737 1242 798 1292 et
824 1227 1115 1312 frequens
1160 1240 1341 1311 toga:
1390 1224 1811 1313 paulatimque
1851 1227 2201 1291 discessum
2229 1228 2304 1292 ad

407 1330 823 1394 delenimenta
890 1331 1198 1405 vitiorum,
1254 1331 1528 1410 porticus
1586 1342 1649 1392 et
1701 1329 1925 1392 balnea
1981 1341 2042 1392 et
2099 1330 2303 1394 convi-

407 1434 647 1496 viorum
693 1432 1105 1517 elegantiam:
1153 1431 1339 1515 idque
1391 1430 1556 1513 apud
1599 1432 1913 1513 imperitos
1956 1431 2306 1496 humanitas

408 1535 763 1610 vocabatur,
801 1556 947 1597 cum
976 1555 1119 1615 pars
1151 1535 1463 1597 servitutis
1494 1546 1681 1596 esset.

496 1635 715 1701 XXII.
762 1635 1017 1699 Tertius
1071 1635 1532 1717 expeditionum
1588 1657 1784 1698 annus
1840 1658 2031 1700 novas
2088 1649 2306 1721 gentes

408 1740 667 1821 aperuit,
724 1740 978 1802 vastatis
1035 1734 1235 1821 usque
1286 1736 1363 1800 ad
1393 1737 1634 1801 ·Taum
1690 1739 2024 1819 (aestuario
2081 1761 2306 1803 nomen

410 1841 536 1921 est)
585 1842 971 1903 nationibus:
1032 1862 1156 1924 qua
1210 1839 1535 1903 formidine
1593 1841 1784 1904 territi
1840 1840 2052 1903 hostes
2111 1863 2304 1924 quan-

411 1964 600 2027 quam
657 1943 1071 2005 conflictatum
1148 1943 1350 2005 saevis
1424 1941 1897 2026 tempestatibus
1968 1943 2305 2005 exercitum

409 2044 736 2107 lacessere*
779 2065 901 2106 non
959 2045 1139 2119 ausi;
1245 2043 1669 2127 ponendisque
1728 2044 1981 2124 insuper
2035 2042 2306 2105 castellis

412 2147 682 2231 spatium
738 2145 875 2210 fuit.
963 2146 1355 2209 Annotabant
1415 2146 1595 2227 periti
1653 2167 1776 2208 non
1833 2144 2025 2208 alium
2080 2142 2306 2209 ducem

411 2249 892 2329 opportunitates
936 2247 1214 2313 locorum
1259 2247 1598 2328 sapientius
1642 2247 1912 2330 legisse:
1958 2245 2199 2309 nullum
2228 2247 2306 2308 ab

411 2349 702 2433 Agricola
745 2351 1015 2434 positum
1062 2348 1389 2412 castellum
1433 2361 1539 2412 aut
1582 2350 1643 2411 vi
1676 2348 1960 2418 ,hostium
1997 2368 2307 2433 expugna-

411 2461 547 2514 tum
590 2463 696 2514 aut
746 2452 1029 2535 pactione
1073 2471 1148 2512 ac
1190 2449 1341 2534 fuga
1384 2449 1719 2513 desertum.
1813 2449 2082 2513 Crebrae
2128 2471 2308 2531 erup-

411 2553 647 2615 tiones:
694 2574 837 2615 nam
878 2551 1174 2615 adversus
1218 2574 1422 2615 moras
1468 2551 1803 2615 obsidionis
1848 2553 2065 2615 annuis
2110 2553 2307 2636 copiis

411 2654 848 2717 firmabantur:
895 2655 979 2717 ita
1029 2654 1327 2736 intrepida
1379 2654 1462 2717 ibi
1514 2653 1735 2730 hiemS,
1769 2667 1831 2716 et
1881 2655 1996 2717 sibi
2041 2655 2305 2738 quisque

409 2755 736 2838 praesidio,
791 2757 973 2819 irritis
1024 2756 1307 2819 hostibus
1368 2776 1566 2839 eoque
1619 2754 2107 2840 desperantibuS,
2163 2757 2307 2839 quia

319 2898 330 2906 ·
412 2858 577 2920 soliti
636 2857 997 2941 plerumque
1054 2857 1279 2921 damna
1346 2858 1596 2920 aestatis
1654 2855 1926 2920 hibernis
1984 2857 2307 2920 eventibus

411 2979 692 3040 pensare,
739 2971 873 3021 tum
907 2960 1148 3021 *aestate
1194 2972 1380 3042 atque
1428 2958 1634 3024 hieme
1677 2958 1852 3042 juxta
1901 2957 2306 3042 pellebantur.

412 3057 557 3121 Nec
613 3059 905 3143 Agricola
960 3080 1236 3142 unquam
1276 3080 1389 3140 per
1446 3059 1599 3122 alios
1642 3071 1819 3143 gesta
1862 3057 2078 3120 avidus
2127 3057 2308 3120 inter-

413 3161 622 3242 cepit:
671 3182 784 3223 seu
830 3162 1107 3224 centurio
1152 3181 1265 3223 seu
1309 3160 1680 3246 praefectuS,
1712 3161 2132 3242 incorruptum
2160 3157 2307 3223 facti

412 3274 638 3326 testem
676 3261 962 3325 habebat.
1050 3260 1240 3347 Apud
1268 3262 1572 3345 quosdam
1616 3259 1893 3323 acerbior
1921 3260 1984 3322 in
2013 3259 2307 3322 conviciis

412 3363 802 3447 narrabatur3
842 3371 917 3428 ut
944 3371 1081 3428 erat
1097 3362 1299 3452 ⁸cornis
1329 3361 1523 3444 boniS,
1560 3362 1855 3426 adversus
1906 3360 2103 3425 malos
2152 3361 2307 3446 inju-

409 3465 698 3531 cundus:
748 3478 1024 3531 ceterum
1054 3487 1133 3528 ex
1160 3466 1477 3529 iracundia
1505 3465 1658 3528 nihil
1703 3474 2057 3546 supererat3
2105 3486 2308 3529 secre-

414 3582 549 3631 tum
579 3581 641 3631 et
670 3567 984 3631 silentium
1028 3568 1163 3652 ejus
1207 3589 1330 3630 non
1373 3568 1663 3630 timeres:
1709 3566 2028 3630 honestius
2056 3567 2309 3648 putabat

422 3669 751 3748 offendere,
784 3671 970 3753 quam
1002 3669 1227 3748 odisse.

503 3770 761 3839 XXIII.
807 3771 1047 3847 Quarta
1089 3784 1293 3919 {eptas
1323 3770 1688 3847 obtinendiS,
1719 3792 1879 3854 quae
1908 3787 2307 3853 percurrerat,
