2715 4316
1087 340 1171 382 m:
1219 342 1574 387 GERMANI&
2201 333 2279 391 19

393 488 641 562 vilitate,
673 505 859 569 quam
891 504 1049 567 quae
1078 482 1270 546 humo
1298 482 1611 566 finguntur
1638 503 1651 545 τ
1701 503 2055 566 quanquam
2096 505 2276 564 prox-

389 588 516 663 imi,
557 587 636 648 ob
681 606 870 647 usum
915 583 1446 659 commerciorum,
1479 605 1701 646 aurum
1743 594 1806 645 et
1848 596 2169 666 argentum
2213 584 2275 647 in

388 687 583 772 pretio
634 684 881 760 habent,
935 684 1290 765 formasque
1338 682 1639 766 quasdam
1682 696 1923 747 nostrae
1974 685 2275 764 pecuniae

386 799 733 872 agnoscunt
807 797 990 869 atque
1059 784 1341 868 eligunt:
1412 785 1729 848 interiores
1803 784 2144 865 simplicius
2214 804 2276 849 et

386 889 700 972 antiquius
730 886 1178 969 permutatione
1221 886 1526 948 mercium
1568 898 1841 949 utuntur.
1932 885 2275 951 Pecuniam

384 990 644 1072 probant
693 1000 968 1052 veterem
1020 999 1083 1050 et
1128 986 1235 1050 diu
1287 999 1516 1062 notam,
1572 1000 1833 1051 serratos
1883 987 2270 1072 bigatosque.

393 1093 736 1176 Argentum
811 1111 1079 1174 quoque,
1133 1088 1333 1172 magis
1394 1109 1581 1172 quam
1638 1110 1856 1152 aurum
1915 1101 2272 1173 sequuntur,

385 1194 555 1257 nulla
585 1194 911 1258 affectione
944 1192 1153 1268 animi,
1187 1190 1300 1254 sed
1329 1191 1477 1274 quia
1509 1212 1804 1253 numerus
1848 1204 2275 1275 argenteorum

386 1295 624 1359 facilior
645 1295 790 1359 usui
821 1306 917 1358 est
943 1293 1297 1376 promiscua
1325 1313 1399 1355 ac
1427 1291 1573 1355 vilia
1599 1292 2034 1356 mercantibuS.

474 1396 589 1460 VI.
633 1395 735 1460 Ne
786 1397 1020 1460 sermm
1065 1394 1317 1478 quidem
1366 1405 1668 1483 superest,
1721 1394 1882 1457 sicut
1926 1415 2004 1456 ex
2045 1416 2272 1478 genere

388 1498 657 1562 telorum
685 1498 1009 1582 colligitur.
1100 1497 1253 1560 Rari
1281 1496 1504 1580 gladiis
1533 1508 1640 1559 aut
1667 1495 1999 1581 majoribus
2042 1497 2275 1561 lanceis

391 1611 685 1665 utuntur:
745 1601 974 1677 hastas,
1022 1599 1122 1663 vel
1170 1600 1445 1680 ipsorum
1492 1598 1795 1661 vocabulo
1852 1599 2117 1663 frameas
2167 1622 2274 1685 ge-

385 1715 547 1776 runt,
581 1717 843 1786 angusto
892 1714 954 1765 et
994 1702 1165 1764 brevi
1211 1700 1372 1764 ferro
1417 1699 1529 1764 sed
1580 1701 1665 1763 ita
1709 1701 1832 1764 acri
1864 1713 1926 1764 et
1967 1701 2046 1764 ad
2088 1723 2275 1767 usum

387 1803 597 1880 habili,
634 1816 705 1867 ut
748 1803 967 1867 eodem
1012 1803 1153 1880 te10,
1184 1814 1367 1884 prout
1407 1803 1561 1866 ratio
1603 1803 1823 1887 poscit,
1853 1803 1954 1866 vel
1990 1805 2274 1867 cominus

385 1905 487 1969 vel
546 1906 788 1968 eminus
844 1915 1169 1989 pugnent:
1241 1916 1303 1968 et
1361 1925 1554 1987 eques
1613 1903 1866 1986 quidem
1923 1916 2099 1967 scuto
2154 1906 2274 1968 fra-

386 2028 650 2090 meaque
703 2009 1025 2070 contentus
1078 2019 1216 2070 est:
1264 2005 1505 2087 pedites
1550 2016 1612 2068 et
1654 2005 1915 2068 missilia
1960 2018 2271 2090 spargunt,

386 2109 563 2191 plura
614 2108 860 2193 singuli,
914 2120 1098 2193 atque
1145 2108 1211 2172 in
1254 2107 1630 2171 immensum
1674 2105 1930 2183 vibrant,
1975 2106 2126 2172 nudi
2169 2119 2275 2173 aut

389 2211 608 2295 sagulo
657 2210 850 2273 leveS.
939 2209 1131 2273 Nulla
1200 2210 1405 2272 cultus
1450 2208 1743 2293 jactatio;
1811 2221 1986 2273 scuta
2036 2221 2273 2274 tantum

385 2312 743 2377 lectissimis
782 2313 1087 2376 coloribus
1132 2311 1556 2396 distinguunt:
1603 2312 1820 2393 paucis
1865 2311 2125 2376 loricae:
2171 2314 2274 2377 vix

386 2414 494 2477 uni
542 2413 792 2477 alterive
839 2413 1036 2476 cassis
1080 2425 1187 2475 aut
1229 2412 1429 2496 galea.
1516 2411 1687 2495 Equi
1730 2434 1849 2475 non
1893 2412 2107 2491 forma,
2152 2437 2273 2478 non

385 2504 711 2579 velocitate
742 2514 1064 2599 conspicu'.
1093 2535 1108 2577 :
1157 2514 1267 2578 sed
1297 2535 1415 2578 nec
1443 2515 1676 2577 variare
1719 2537 1901 2599 gyros
1933 2517 1994 2579 in
2033 2537 2273 2583 morem

387 2629 665 2679 nostrum
694 2615 1010 2679 docentur.
1101 2614 1178 2680 In
1206 2626 1466 2691 rectum,
1498 2627 1605 2677 aut
1650 2637 1774 2678 uno
1820 2616 1985 2680 flexu
2029 2616 2272 2680 dextros

388 2730 578 2801 agunt
624 2718 708 2781 ita
757 2715 1085 2801 conjuncto
1130 2717 1296 2793 orbe,
1328 2728 1399 2780 ut
1444 2738 1629 2779 nemo
1671 2717 1969 2798 posterior
2012 2719 2109 2782 sit.
2199 2719 2270 2782 In

389 2820 748 2881 universum
799 2817 1166 2894 aestimanti,
1215 2817 1359 2899 plus
1416 2838 1609 2901 penes
1665 2816 1937 2898 peditem
1991 2818 2269 2883 roboris:

389 2941 588 3002 eoque
619 2920 794 2983 mixti
830 2918 1221 3001 proeliantur,
1254 2932 1394 3000 apta
1440 2931 1503 2982 et
1529 2932 1902 3005 congruente
1946 2920 2024 2983 ad
2053 2942 2273 3004 eques-

391 3035 548 3086 trem
574 3038 847 3105 pugnam
875 3019 1198 3085 velocitate
1227 3021 1527 3103 peditum,
1561 3043 1716 3105 quos
1748 3043 1824 3084 ex
1854 3023 2019 3085 omni
2054 3022 2273 3106 juven-

392 3134 520 3187 tute
551 3122 822 3187 delectos
867 3134 1008 3186 ante
1052 3123 1250 3186 aciem
1293 3122 1515 3186 locant.
1602 3121 1911 3186 Definitur
1954 3134 2016 3186 et
2058 3143 2273 3208 nume-

385 3246 536 3287 rus:
598 3225 839 3288 centeni
899 3246 977 3287 ex
1034 3224 1295 3308 singulis
1351 3209 1531 3308 pagis
1590 3234 1779 3286 sunt:
1839 3222 2023 3305 idque
2067 3224 2273 3304 ipsum

388 3329 543 3388 inter
573 3347 719 3388 suos
749 3339 1084 3403 vocantur3
1133 3338 1196 3389 et
1222 3326 1389 3410 quod
1417 3326 1616 3407 primo
1658 3346 1954 3388 numerus
1983 3325 2118 3402 fuit,
2143 3325 2273 3411 jam

385 3448 610 3490 nomen
662 3440 724 3490 et
763 3426 956 3491 honor
994 3441 1116 3492 est.
1204 3430 1396 3492 Acies
1439 3450 1551 3513 per
1593 3449 1824 3491 cuneos
1870 3431 2273 3510 componitur.

389 3527 630 3590 Cedere
674 3525 831 3605 locu,
879 3527 1214 3592 dummodo
1256 3550 1471 3592 rursus
1530 3530 1741 3606 instes,
1802 3531 2040 3595 consilii
2087 3554 2272 3616 quam

386 3628 727 3692 formidinis
798 3629 1180 3694 arbitrantur.
1274 3630 1551 3714 Corpora
1624 3638 1897 3695 suorum
1952 3634 2138 3697 etiam
2212 3636 2272 3697 in

389 3728 591 3792 dubiis
642 3730 891 3811 proeliis
948 3730 1242 3794 referunt.
1363 3729 1628 3795 Scutum
1662 3801 1666 3803 ,
1696 3731 2042 3815 reliquisse,
2101 3755 2270 3814 prae·
