2715 4316
1173 417 1517 461 AGRICOLA.
2206 402 2281 461 61

396 588 620 652 neque,
650 580 723 631 ut
765 567 1041 652 plerique
1085 566 1334 630 fortium
1379 568 1665 643 virorum,
1699 567 2041 642 ambitiose,
2087 587 2289 651 neque

395 690 509 755 per
550 669 823 731 lamenta
865 690 1077 731 rursus
1109 689 1181 730 ac
1211 689 1555 730 moerorem
1596 668 1974 731 muliebriter
2001 666 2180 730 tulit:
2229 679 2291 731 et

397 772 464 834 in
490 770 668 834 luctu
696 769 930 833 bellum
976 770 1130 832 inter
1171 768 1447 832 remedia
1478 782 1625 831 erat.
1713 769 1911 852 Igitur
1951 770 2288 850 praemissa

398 873 624 949 classe,
657 893 817 955 quae
847 871 1127 956 pluribus
1157 864 1311 934 locis
1339 869 1650 950 praedata,
1682 892 1976 953 magnum
2006 882 2068 932 et
2096 871 2290 933 incer-

398 986 535 1037 tum
565 985 857 1035 terrorem
888 971 1136 1048 faceret,
1171 971 1457 1052 expedito
1488 972 1779 1047 exercitu,
1812 973 1913 1034 cui
1945 993 2022 1033 ex
2051 970 2290 1035 Britan-

397 1077 495 1138 nis
526 1073 895 1145 fortissimos
941 1086 1003 1136 et
1045 1073 1226 1156 longa
1268 1068 1424 1153 pace
1470 1073 1809 1154 exploratos
1852 1072 2181 1147 addiderat,
2215 1072 2290 1135 ad

400 1176 676 1238 montem
724 1173 1090 1256 Grampium
1133 1175 1428 1255 pervenit,
1473 1195 1659 1257 quem
1704 1174 1833 1258 jam
1877 1172 2069 1236 hostis
2131 1175 2265 1236 inse

401 1277 594 1341 derat.
727 1274 899 1340 Nam
971 1276 1267 1352 Britanni,
1325 1276 1479 1339 nihil
1534 1275 1706 1339 fracti
1776 1297 2020 1359 pugnae
2075 1275 2294 1356 prioris

403 1392 650 1454 eventu,
699 1391 761 1440 et
804 1378 1101 1441 ultionem
1153 1390 1260 1440 aut
1312 1379 1630 1441 servitium
1675 1390 2120 1458 exspectan‘ceS,
2166 1390 2295 1439 tan-

401 1481 671 1565 demque
701 1480 865 1543 docti
915 1501 1245 1543 commune
1289 1480 1639 1565 periculum
1683 1479 2007 1542 concordia
2049 1479 2297 1561 propul-

404 1583 689 1658 sandum,
720 1582 1129 1667 legationibus
1176 1595 1237 1645 et
1265 1581 1619 1644 foederibus
1660 1574 1940 1644 ¹omnium
1980 1583 2298 1645 civitatum

402 1685 566 1747 vires
614 1685 981 1746 exciverant.
1070 1682 1337 1767 Jamque
1384 1704 1569 1765 super
1599 1684 1842 1767 triginta
1881 1685 2073 1747 millia
2102 1706 2298 1747 arma-

402 1799 608 1849 torum
654 1786 1123 1866 aspiciebantur,
1157 1798 1219 1848 et
1262 1785 1465 1848 adhuc
1509 1772 1802 1850 affluebat
1846 1787 2043 1849 omnis
2081 1786 2300 1870 juven-

403 1900 507 1950 tus
542 1899 605 1949 et
634 1886 858 1970 quibus
904 1886 1093 1949 cruda
1136 1908 1209 1949 ac
1255 1886 1464 1949 viridis
1512 1900 1819 1963 senectuS‚
1854 1888 2001 1951 clari
2046 1887 2209 1950 bello
2239 1899 2302 1950 et

408 1987 816 2072 suaquisque
847 1988 1070 2051 decora
1099 2001 1411 2072 gestantes
1438 2009 1451 2049 :
1500 2009 1647 2051 cum
1687 1990 1843 2051 inter
1869 1989 2076 2070 plures
2107 1988 2300 2050 duces

405 2094 631 2155 virtute
686 2106 748 2154 et
791 2112 1016 2176 genere
1075 2102 1415 2176 praestanS‚
1461 2092 1708 2153 nomine
1758 2090 2090 2175 CalgacuS‚
2138 2089 2302 2171 apud

409 2207 785 2257 contractam
855 2187 1313 2257 multitudinem
1396 2194 1702 2274 proelium
1780 2205 2159 2275 poscentem,
2235 2194 2298 2256 in

411 2296 577 2361 bunc
608 2295 862 2359 modum
890 2285 1397 2359 locutus'fertur:

494 2394 701 2458 XXX.
751 2403 789 2430 “
813 2397 1118 2472 Quotiens
1164 2419 1386 2460 causas
1429 2397 1577 2460 belli
1610 2411 1671 2460 et
1701 2398 2132 2461 necessitatem
2162 2421 2303 2462 nos-

409 2512 565 2563 tram
626 2501 884 2575 intueor‚
942 2521 1206 2583 magnus
1275 2499 1428 2563 mihi
1488 2500 1729 2561 animus
1789 2493 1887 2562 est
1940 2499 2302 2565 hodiernum

409 2601 578 2666 diem
623 2595 1121 2685 consensumque
1165 2614 1441 2664 vestrum
1487 2601 1730 2663 initium
1771 2601 2067 2665 libertatis
2114 2605 2301 2666 totius

411 2698 762 2767 Britanniae
808 2703 958 2766 fore.
1047 2702 1213 2765 Nam
1245 2716 1306 2765 et
1334 2689 1598 2766 universi
1647 2705 1954 2767 servitutis
1999 2718 2300 2786 experteS‚

412 2819 475 2869 et
518 2806 721 2870 nullae
766 2806 924 2869 ultra
968 2818 1181 2881 terrae,
1229 2828 1304 2868 ac
1346 2828 1423 2868 ne
1470 2791 1636 2868 mare
1685 2806 1937 2889 quidem
1991 2830 2299 2885 securum,

411 2909 769 2972 imminente
799 2908 975 2970 nobis
1021 2908 1221 2971 classe
1268 2892 1596 2971 Romana:
1646 2908 1728 2970 ita
1770 2909 2072 2989 proelium
2118 2921 2301 2992 atque

413 3031 603 3085 arma,
665 3030 822 3093 quae
882 3008 1140 3072 fortibus
1200 3009 1475 3085 honesta,
1536 3009 1752 3072 eadem
1810 3012 1995 3072 etiam
2066 3012 2302 3093 ignavis

413 3112 723 3174 tutissima
787 3125 948 3173 sunt.
1063 3110 1310 3174 Priores
1347 3133 1651 3195 pugnae,
1707 3112 1932 3195 quibus
2008 3111 2302 3175 adversus

417 3213 735 3276 Romanos
765 3214 932 3276 varia
960 3212 1201 3275 fortuna
1253 3225 1554 3275 certatum
1607 3228 1719 3287 est,
1754 3233 1930 3292 spem
1981 3233 2054 3274 ac
2104 3214 2304 3277 subsi-

414 3314 587 3377 dium
633 3316 694 3377 in
746 3316 969 3378 nostris
1013 3314 1299 3378 manibus
1352 3314 1700 3378 habebant:
1749 3315 1893 3397 quia
1940 3314 2304 3379 nobilissimi

418 3418 602 3479 totius
634 3414 985 3479 Britanniae
1031 3437 1227 3500 eoque
1274 3418 1335 3479 in
1382 3417 1533 3497 ipsis
1577 3416 1991 3498 penetralibus
2037 3418 2157 3494 siti,
2189 3441 2305 3482 nec

416 3507 826 3588 servientium¹
859 3517 1058 3580 littora
1104 3520 1496 3598 aspicienteS,
1530 3501 1741 3580 oculos
1790 3540 2035 3603 quoque
2082 3543 2117 3583 a
2162 3544 2303 3584 con-

416 3631 581 3683 tactu
614 3618 1046 3682 dominationis
1091 3619 1410 3682 inviolatos
1464 3618 1865 3689 habebamus,
1951 3618 2087 3683 Nos
2121 3636 2306 3686 terra-

416 3742 555 3783 rum
614 3742 688 3783 ac
744 3721 1039 3783 libertatis
1093 3733 1428 3795 extremOS,·
1464 3741 1752 3782 recessus
1816 3723 1945 3802 ipse
2004 3744 2074 3785 ac
2136 3727 2305 3787 sinus

418 3822 621 3887 famae
674 3824 736 3886 in
793 3822 958 3885 hunc
1007 3822 1173 3885 diem
1226 3820 1540 3885 defendit?
1600 3843 1765 3886 nunc
1823 3825 2120 3887 terminus
2172 3824 2301 3889 Bri-
