2715 4316
1148 360 1486 406 aemcom.
2181 349 2268 406 43

368 513 456 575 22,
503 513 591 563 23.
638 506 791 562 Nova
848 506 1105 578 expeditio
1149 525 1312 563 novas
1371 516 1558 579 gentes
1604 508 1785 579 aperit,
1830 524 1966 577 quae
2012 507 2269 579 praesidio

436 597 727 650 firmantur.
799 595 1082 665 Agricolae
1125 595 1317 648 candor
1349 597 1404 649 in
1443 595 1876 649 communicanda
1921 595 2103 666 gloria.
2177 601 2264 650 24.

439 681 734 735 Consilium
768 679 833 734 de
868 680 1171 751 occupanda
1204 681 1477 735 Hibernia.
1550 683 1777 734 25—27.
1822 680 2075 735 Civitates
2121 688 2266 735 trans

437 767 738 822 Bodotriam
785 770 918 821 sitae
953 767 1302 837 explorantur.
1378 766 1663 843 Caledonii,
1698 767 1966 822 Romanos
2011 771 2266 839 aggressi,

438 854 659 909 consilio
691 852 956 922 ductuque
990 853 1274 924 Agricolae
1320 853 1476 925 pulsi,
1516 854 1788 908 sacrificiis
1834 854 2267 924 conspirationem

438 941 712 994 civitatum
759 941 1021 992 sanciunt.
1107 943 1194 992 28.
1243 939 1551 1008 Usipiorum
1585 940 1770 993 cohors
1815 942 1949 993 miro
1984 956 2114 994 casu
2150 940 2266 994 Bri-

437 1027 677 1081 tanniam
725 1028 1092 1080 circumvecta.
1188 1027 1473 1097 Agricolae
1519 1027 1661 1080 filius
1708 1028 1830 1081 obit.
1920 1032 2006 1081 29.
2057 1027 2267 1081 Bellum

438 1114 679 1169 Britanni
715 1121 961 1185 reparant
983 1113 1216 1185 Calgaco
1243 1113 1394 1187 duce,
1418 1116 1570 1182 cujus
1596 1121 1820 1169 30—32.
1846 1117 2010 1169 oratio
2032 1116 2099 1169 ad
2122 1133 2265 1170 suos.

441 1207 527 1266 33,
554 1207 637 1255 34.
675 1201 943 1255 Romanos
985 1218 1190 1270 quoque
1224 1201 1461 1255 hortatur
1495 1203 1766 1273 Agricola.
1840 1204 2062 1256 35—37.
2100 1203 2269 1257 Atrox

439 1294 496 1342 et
529 1296 806 1342 cruentum
840 1282 1114 1359 proelium.
1189 1291 1273 1341 38.
1310 1287 1485 1342 Penes
1510 1288 1779 1342 Romanos
1802 1289 2035 1342 victoria.
2105 1289 2264 1360 Agri-

442 1374 561 1429 cola
582 1375 911 1428 Britanniam
933 1372 1256 1429 circumvehi
1280 1372 1549 1445 praecipit.

368 1466 459 1518 39.
495 1463 846 1528 Domitianus,
868 1463 1037 1517 fronte
1069 1463 1257 1526 laetus,
1281 1468 1489 1533 pectore
1522 1463 1729 1527 anxius,
1752 1464 1995 1517 nuntium
2019 1462 2269 1517 victoriae

441 1551 652 1620 excipit.
723 1555 810 1604 40.
846 1550 1091 1603 Honores
1125 1557 1305 1603 tamen
1326 1550 1611 1620 Agricolae
1638 1548 1845 1604 decerni
1877 1551 2038 1617 jubet,
2062 1550 2268 1604 condito

441 1637 575 1702 odio,
609 1637 774 1691 donec
820 1638 1090 1707 provincia
1134 1635 1351 1691 decedat
1387 1637 1655 1707 Agricola.
1727 1637 1781 1690 Is
1828 1637 1992 1692 redux
2038 1638 2269 1692 modeste

440 1725 569 1794 agit.
642 1730 728 1777 41.
766 1722 1071 1779 Periculum
1106 1724 1173 1789 ab
1220 1724 1616 1776 accusatoribus
1651 1730 1707 1777 et
1738 1723 2106 1778 laudatoribus
2179 1729 2267 1778 42.

439 1809 682 1864 Excusat
703 1826 777 1875 se,
800 1827 868 1865 ne
891 1811 1215 1881 provinciam
1251 1810 1497 1863 sortiatur
1526 1809 1852 1880 proconsul.s
1891 1816 1978 1864 43.
2017 1811 2142 1865 Obit
2162 1828 2270 1864 non

441 1899 578 1951 sine·
605 1898 793 1952 veneni
841 1896 1155 1969 suspicione,
1195 1914 1229 1950 a
1263 1897 1564 1950 Domitiano
1597 1896 1721 1951 dati.
1792 1902 1878 1950 44.
1928 1896 2061 1964 Ejus
2107 1905 2271 1961 aetas,

439 1985 667 2049 habitus,
703 1985 940 2050 honores,
975 2002 1118 2055 opes.
1191 1987 1278 2038 45.
1324 1984 1513 2038 Mortis
1548 1985 1901 2055 opportunitas
1937 1991 2058 2038 ante
2092 1983 2271 2037 Domi-

436 2071 570 2126 tiani
606 2072 922 2126 atrocitates.
994 2076 1081 2126 46.
1119 2071 1363 2134 Questus
1398 2073 1629 2124 auctoris
1664 2077 1720 2125 et
1751 2087 1819 2124 ex
1839 2072 2030 2124 virtute
2066 2069 2267 2124 solatia.

439 2158 610 2214 Fama
636 2158 918 2230 Agricolae
942 2158 1008 2213 ad
1031 2167 1266 2231 posteros
1293 2160 1618 2213 transmissa.

458 2350 513 2414 I.
591 2350 957 2415 CLARORUM
1030 2351 1300 2415 virorum
1372 2350 1535 2415 facta
1610 2372 1937 2435 moresque
2007 2350 2269 2433 posteris

370 2452 631 2529 tradere,
678 2454 1013 2536 antiquitus
1069 2454 1385 2529 usitatum,
1431 2474 1509 2515 ne
1553 2454 1776 2516 nostris
1821 2452 2072 2537 quidem
2114 2466 2269 2517 tem-

368 2555 624 2636 poribus
682 2576 1035 2638 quanquam
1107 2556 1417 2618 incuriosa
1488 2575 1744 2617 suorum
1814 2568 1983 2618 aetas
2043 2556 2267 2631 omisit,

371 2657 658 2740 quotiens
701 2678 928 2739 magna
958 2656 1164 2739 aliqua
1192 2678 1266 2719 ac
1294 2656 1517 2719 nobilis
1547 2657 1739 2719 virtus
1773 2656 1916 2719 vicit
1945 2678 2018 2719 ac
2058 2677 2271 2737 super-

371 2778 590 2841 gressa
635 2769 731 2820 est
772 2758 991 2820 vitium
1033 2758 1237 2838 parvis
1287 2758 1653 2841 magnisque
1706 2758 2055 2821 civitatibus
2104 2779 2272 2820 com-

369 2879 582 2934 mune,
657 2859 1060 2941 ignorantiam
1129 2859 1281 2921 recti
1354 2871 1416 2921 et
1487 2857 1800 2921 invidiam.
1909 2857 2038 2921 Sed
2108 2856 2273 2939 apud

369 2961 627 3041 priores,
656 2972 727 3022 ut
755 2981 938 3043 agere
974 2958 1162 3043 digna
1191 2966 1533 3022 memoratu
1559 2980 1822 3040 pronum
1849 2960 2172 3043 magisque
2204 2961 2268 3022 in

375 3073 587 3142 aperto
617 3073 763 3137 erat,
797 3062 882 3124 ita
925 3061 1363 3124 celeberrimus
1410 3061 1673 3144 quisque
1717 3061 1964 3144 ingenio
2011 3060 2090 3122 ad
2133 3080 2271 3140 pro-

374 3161 640 3225 dendam
668 3163 910 3225 virtutis
954 3163 1335 3238 memoriam,
1370 3163 1502 3224 sine
1532 3162 1726 3245 gratia
1769 3173 1875 3224 aut
1917 3161 2268 3237 ambitione,

373 3263 573 3326 bonae
602 3275 841 3327 tantum
871 3264 1282 3327 conscientiae
1310 3264 1507 3344 pretio
1536 3262 1895 3325 ducebatur.
1967 3262 2064 3323 Ac
2091 3261 2272 3343 pleri-

377 3385 499 3447 que
531 3386 710 3427 suam
754 3366 874 3446 ipsi
902 3365 1092 3428 vitam
1133 3385 1376 3427 narrare
1420 3363 1712 3427 fiduciam
1754 3364 1959 3444 potius
2004 3385 2278 3441 morum,-

379 3487 566 3548 quam
624 3467 1031 3550 arrogantiam
1088 3466 1356 3529 arbitrati
1409 3477 1588 3528 sunt:
1636 3486 1753 3527 nec
1808 3464 1873 3528 id
1930 3463 2169 3530 Rutilio
2214 3479 2275 3533 et

383 3567 620 3630 Scauro
665 3570 816 3631 citra
845 3568 1032 3632 fidem
1076 3580 1183 3631 aut
1226 3568 1646 3630 obtrectationi
1691 3565 1843 3630 fuit:
1892 3567 2046 3631 adeo
2086 3572 2244 3632 virtu

379 3679 475 3731 tes
548 3669 773 3733 iisdem
843 3670 1223 3750 temporibus
1284 3667 1513 3751 optime
1571 3669 1987 3744 aestimantur,
2048 3670 2273 3752 quibus

381 3766 673 3834 facillime
731 3773 1086 3855 gignuntur.
1173 3770 1259 3832 At
1303 3788 1469 3831 nunc
1510 3774 1840 3831 narraturo
1889 3766 2044 3831 mihi
2087 3771 2274 3833 vitam

1226 3909 1269 3932 X
