2715 4316
467 338 546 399 18
1100 352 1160 392 c.
1208 351 1402 393 coms.
1450 349 1720 393 'rAcI'rUs

456 497 561 561 illo
619 509 682 560 et
736 496 1019 559 fabuloso
1071 518 1270 560 errore
1328 496 1392 560 in
1419 494 1612 559 .hunc
1671 494 1995 561 Oceanum
2044 495 2337 576 delatum,

457 598 658 661 adisse
721 596 1090 661 Germaniae
1147 611 1357 674 terras,
1423 598 2007 682 Asciburgiumque,
2067 599 2233 682 quod
2276 600 2340 663 in

455 700 585 780 ripa
614 698 1053 763 Rheni'situm
1098 698 1404 781 hodieque
1447 699 1750 776 incolitur,
1785 700 1861 761 ab
1891 699 1997 762 illo
2042 702 2339 765 constitu-

454 814 587 863 tum
625 802 1151 884 nominatumque.
1241 802 1433 865 Aram
1476 802 1625 884 quin
1670 802 1856 864 etiam
1907 800 2075 867 mixi
2120 782 2338 866 conse-

454 917 702 978 cratam,
752 902 989 987 adjecto
1048 900 1309 966 Laertae
1361 904 1548 984 patris
1595 903 1862 979 nomine,
1924 902 2144 966 eodem
2199 904 2338 968 loco

455 1003 600 1066 olim
648 1017 969 1085 repertam,
1023 1017 1542 1087 monumentaque
1589 1017 1651 1068 et
1706 1005 1977 1068 tumulos
2036 1005 2335 1088 quosdam
2415 1042 2419 1046 Δ

456 1103 715 1169 Graecis
786 1106 1000 1170 litteris
1086 1107 1411 1187 inscriptos
1492 1107 1556 1169 in
1627 1106 1891 1169 confinio
1963 1105 2335 1170 Germaniae

455 1206 879 1292 Rhaetiaeque
924 1207 1126 1271 adhuc
1170 1220 1451 1271 exstare:
1512 1229 1671 1290 quae
1715 1229 1917 1291 neque
1974 1208 2334 1273 confirmare

452 1309 848 1392 argumentiS,
879 1330 1085 1392 neque
1118 1307 1399 1372 refellere
1443 1308 1507 1371 in
1549 1309 1753 1372 animo
1784 1320 1921 1371 est:
1969 1329 2047 1371 ex
2089 1309 2336 1392 ingenio

452 1430 566 1471 suo
596 1411 859 1492 quisque
888 1408 1115 1486 demat,
1146 1409 1248 1472 vel
1277 1409 1460 1473 addat
1488 1409 1696 1473 fidem.

535 1507 650 1571 IV.
695 1509 840 1590 Ipse
871 1532 1085 1573 eorum
1116 1511 1503 1591 opinionibus
1544 1511 1792 1587 accedo,
1824 1511 1931 1593 qui
1963 1509 2333 1585 Germaniae

449 1611 709 1695 populos
739 1610 925 1674 nullis
955 1611 1090 1673 aliis
1127 1610 1387 1674 aliarum
1429 1612 1746 1675 nationum
1775 1612 2097 1676 connubiis
2142 1611 2334 1676 insec-

450 1723 543 1774 tos
572 1712 879 1793 propriam
908 1724 970 1775 et
999 1709 1301 1775 sinceram
1343 1725 1406 1776 et
1449 1725 1688 1776 tantum
1732 1714 1830 1777 sui
1875 1713 2142 1778 similem
2185 1735 2334 1798 gen-

448 1827 575 1877 tem
645 1813 953 1878 exstitisse
1027 1808 1391 1878 arbitrantur
1423 1836 1439 1877 :
1512 1815 1678 1878 unde
1725 1866 1728 1867 ν
1767 1814 2013 1880 habitus
2085 1837 2332 1900 quoque

448 1937 791 1997 corporum,
823 1937 1172 2003 quanquam
1205 1917 1268 1980 in
1313 1929 1483 1981 tanto
1510 1916 1831 1982 hominum
1857 1939 2135 1994 numero,
2166 1918 2334 1981 idem

448 2019 786 2097 omnibus3
846 2031 1053 2085 truces
1112 2033 1174 2085 et
1248 2022 1516 2085 caerulei
1576 2021 1759 2098 oculi,
1818 2020 2036 2085 rutilae
2094 2028 2330 2098 comae,

446 2143 668 2207 magna
699 2143 954 2205 corpora
982 2135 1044 2188 et
1083 2135 1321 2189 tantum
1366 2123 1444 2188 ad
1487 2125 1787 2206 impetum
1814 2122 2059 2199 valida3
2106 2121 2331 2186 laboris

446 2236 630 2307 atque
656 2246 918 2306 operum
946 2248 1068 2288 non
1099 2226 1317 2289 eadem
1360 2226 1693 2307 patientia:
1740 2225 2120 2307 minimeque
2166 2225 2333 2287 sitim

445 2339 810 2408 aestumque
841 2325 1118 2402 tolerare,
1150 2327 1378 2410 frigora
1406 2338 1589 2408 atque
1620 2323 1889 2388 inediam
1917 2324 2092 2388 coelo
2122 2326 2331 2389 solove

445 2437 868 2489 assueverunt.

529 2523 610 2587 V.
658 2523 874 2600 Terra,
903 2525 1019 2588 etsi
1048 2524 1357 2609 aliquanto
1388 2524 1597 2609 specie
1628 2522 1848 2600 differt,
1880 2523 1943 2585 in
1970 2523 2332 2590 universum

445 2639 652 2689 tamen
681 2638 789 2689 aut
831 2625 1002 2690 silvis
1049 2625 1290 2689 horrida
1333 2638 1441 2689 aut
1485 2624 1812 2706 paludibus
1858 2625 2082 2689 foeda:
2130 2625 2331 2691 humi-

444 2729 598 2805 dior,
630 2751 753 2813 qua
784 2728 1021 2792 Gallias
1047 2750 1063 2806 ;
1108 2727 1435 2804 ventosior,
1468 2748 1591 2810 qua
1619 2725 1920 2791 Noricum
1965 2749 2039 2791 ac
2083 2727 2331 2791 Panno-

445 2830 612 2893 niam
682 2831 949 2911 aspicit:
1027 2830 1174 2893 satis
1246 2829 1417 2893 ferax
1449 2852 1465 2906 ;
1542 2828 1972 2913 frugiferarum
2043 2831 2330 2894 arborum

447 2932 816 3016 impatiens:
867 2953 1166 3016 pecorum
1208 2931 1493 3008 fecunda,
1542 2931 1654 2994 sed
1696 2931 2058 3014 plerumque
2104 2932 2327 3011 impro-

447 3055 629 3110 cera3
693 3055 771 3097 ne
829 3034 1120 3096 armentis
1172 3032 1426 3117 quidem
1495 3054 1647 3096 suus
1709 3031 1919 3109 honor,
1975 3045 2081 3096 aut
2135 3033 2327 3116 gloria

445 3136 659 3199 frontis
687 3157 702 3198 :
750 3155 1006 3198 numero
1035 3135 1342 3219 gaudent3
1392 3155 1626 3219 eaeque
1659 3134 1825 3197 solae
1852 3146 1913 3197 et
1940 3135 2324 3217 gratissimae

447 3259 596 3318 opes
650 3250 811 3300 sunt.
898 3237 1244 3321 Argentum
1291 3249 1353 3301 et
1397 3259 1615 3301 aurum
1653 3237 1898 3321 propitii
1941 3258 2019 3298 an
2062 3236 2197 3298 irati
2240 3235 2326 3298 dii

446 3340 816 3422 negaverint,
848 3337 1081 3402 dubito,
1170 3338 1311 3402 Nec
1356 3351 1562 3402 tamen
1609 3338 2057 3413 affirmaverim,
2089 3335 2324 3400 nullam

447 3438 816 3502 Germaniae
862 3461 1084 3503 venam
1130 3453 1451 3524 argentum
1501 3460 1795 3502 aurumve
1841 3438 2138 3521 gignere:
2184 3438 2324 3521 quis

445 3541 610 3602 enim
640 3554 945 3604 scrutatus
976 3541 1114 3605 est?
1157 3542 1552 3622 possessione
1595 3552 1657 3602 et
1700 3561 1819 3602 usu
1866 3537 2032 3602 haud
2073 3538 2325 3623 perinde

442 3640 810 3706 afficiuntur.
897 3640 1019 3706 Est
1087 3643 1295 3706 videre
1367 3641 1531 3723 apud
1600 3640 1736 3704 illos
1795 3653 2084 3725 argentea
2152 3661 2323 3716 vasa,

442 3741 659 3828 legatis
691 3757 753 3808 et
781 3744 1158 3829 principibus
1203 3765 1420 3808 eorum
1469 3745 1708 3826 muneri
1754 3742 1913 3818 data,
1945 3743 2163 3805 nonin
2206 3742 2324 3805 alia
