2715 4316
1164 347 1507 390 mamona,
2197 335 2270 393 51

382 509 447 562 et
490 518 613 560 nox
655 496 820 563 clara
878 508 940 559 et
990 508 1261 559 extrema
1305 495 1658 560 Britanniae
1715 510 1886 578 parte
1944 497 2168 575 brevis,
2214 512 2280 563 ut

382 600 575 663 finem
604 610 790 682 atque
843 599 1087 662 initium
1138 598 1296 661 lucis
1328 600 1552 683 exiguo
1581 599 1934 662 discrimine
1987 601 2284 663 internos-

388 724 517 765 cas,
607 700 796 775 Quod
827 702 879 764 si
909 701 1107 763 nubes
1152 723 1274 763 non
1327 700 1614 778 officiant,
1648 703 1841 786 aspici
1886 725 1998 783 per
2039 716 2284 766 noctem

386 803 538 867 solis
569 802 893 887 fulgorem,
923 824 1040 864 nec
1086 802 1368 866 occidere
1400 816 1461 866 et
1490 825 1838 888 exsurgere,
1874 804 1983 867 sed
2025 803 2283 868 transire

388 904 717 969 affirmant.
808 902 1066 968 Scilicet
1109 917 1382 968 extrema
1411 917 1473 968 et
1500 905 1683 990 plana
1721 918 2035 982 terrarum,
2065 905 2285 970 humili

386 1009 629 1082 umbra,
693 1029 817 1070 non
890 1008 1133 1091 erigunt
1204 1008 1509 1084 tenebraS,
1569 1007 1848 1092 infraque
1923 1009 2167 1072 coelum
2225 1020 2288 1073 et

388 1110 593 1173 sidera
637 1131 758 1171 nox
788 1108 970 1172 cadit.
1063 1108 1302 1186 Solum,
1348 1121 1591 1191 praeter
1636 1111 1836 1173 oleam
1865 1111 2177 1194 vitemque
2226 1122 2289 1174 et

387 1223 597 1274 cetera
642 1209 1037 1273 calidioribus
1084 1211 1260 1273 terris
1308 1212 1447 1274 oriri
1497 1223 1693 1288 sueta,
1734 1208 1970 1293 patiens
2016 1212 2285 1295 frugum,

386 1311 729 1376 fecundum
840 1311 1049 1375 Tarde
1079 1314 1434 1389 mitescunt,
1466 1314 1591 1376 cito
1617 1314 1864 1394 proven³
1871 1324 2019 1376 unt:
2070 1312 2289 1376 eadem

387 1416 714 1497 utriusque
758 1415 849 1477 rei
894 1436 1102 1491 causa,
1134 1415 1368 1478 multus
1400 1415 1621 1479 humor
1658 1429 1955 1479 terrarum
1985 1415 2288 1499 coelique.

389 1515 542 1580 Fert
570 1515 885 1579 Britannia
926 1539 1147 1580 aurum
1175 1529 1238 1580 et
1267 1531 1588 1602 argentum
1620 1529 1680 1581 et
1711 1518 1829 1581 alia
1858 1518 2123 1594 metalla,
2153 1539 2290 1600 pre-

387 1619 551 1683 tium
605 1619 934 1682 victoriae:
1008 1620 1205 1703 gignit
1261 1633 1324 1682 et
1396 1620 1686 1683 Oceanus
1759 1622 2102 1706 margarita,
2179 1619 2292 1684 sed

390 1720 693 1784 subfusca
736 1742 810 1783 ac
852 1720 1122 1783 liventia.
1211 1720 1485 1794 Quidam
1530 1734 1723 1785 artem
1770 1722 1989 1786 abesse
2033 1722 2290 1807 legenti-

388 1823 511 1886 bus
558 1823 960 1886 arbitrantur:
1007 1844 1153 1886 nam
1196 1824 1256 1885 in
1270 1823 1487 1886 Rubro
1531 1825 1684 1886 mari
1711 1825 1853 1886 viva
1896 1845 1969 1887 ac
2001 1825 2291 1905 spirantia

392 1926 561 1988 saxis
606 1924 806 2001 avelli,
854 1925 918 1987 in
962 1923 1296 2002 Britannia,
1327 1937 1510 2007 prout
1554 1926 1811 2007 expulsa
1856 1927 1995 2001 sint,
2040 1924 2286 2008 colligi:

391 2048 514 2111 ego
569 2026 814 2090 facilius
873 2025 1240 2090 crediderim
1278 2034 1586 2090 'naturam
1642 2027 1986 2110 margaritis
2046 2025 2287 2103 deesse,

392 2150 583 2214 quam
612 2128 788 2192 nobis
819 2128 1157 2192 avaritiam.

481 2228 670 2293 XIII.
718 2231 849 2316 Ipsi
895 2229 1173 2294 Britanni
1202 2229 1517 2295 delectum
1557 2252 1629 2294 ac
1671 2232 1899 2295 tributa
1929 2242 1990 2293 et
2019 2229 2291 2315 injuncta

392 2333 636 2415 lmperii
667 2353 925 2417 munera
954 2333 1214 2417 impigre
1246 2333 1496 2409 obeunt,
1530 2334 1583 2396 si
1614 2333 1868 2417 injuriae
1900 2332 2128 2395 absint:
2177 2332 2289 2395 has
2353 2341 2356 2344 ’

391 2455 579 2518 aegre
636 2433 915 2509 tolerant,
978 2433 1109 2517 jam
1165 2433 1381 2497 domiti
1438 2446 1509 2497 ut
1562 2446 1834 2516 pareant,
1893 2434 2165 2498 nondum
2221 2447 2290 2499 ut

394 2537 682 2599 serviant.
772 2535 972 2620 Igitur
1012 2537 1250 2621 primus
1302 2537 1581 2599 omnium
1642 2535 2067 2601 Romanorum
2109 2538 2289 2601 divus

393 2637 604 2701 Julius
650 2660 802 2718 cum*
840 2639 1111 2702 exercitu
1145 2636 1521 2703 Britanniam
1568 2640 1903 2722 ingressuS,
1936 2661 2291 2722 quanquam

390 2761 687 2822 prospera
728 2761 936 2823 pugna
978 2741 1261 2803 terruerit
1303 2740 1537 2803 incolas
1568 2761 1641 2802 ac
1670 2740 1870 2802 littore
1912 2742 2143 2822 potitus
2189 2742 2288 2817 sit,

392 2854 602 2927 potest
628 2840 821 2904 videri
852 2841 1195 2905 ostendisse
1238 2843 1522 2923 posteris,
1555 2863 1675 2905 non
1704 2842 2049 2906 tradidisse.
2139 2842 2289 2906 Mox

392 2943 561 3007 bella
605 2943 808 3007 civilia
837 2956 900 3007 et
928 2944 991 3006 in
1033 2943 1481 3029 rempublicam
1512 2965 1690 3006 versa
1727 2945 2070 3026 principum
2099 2965 2287 3020 arma,

396 3067 472 3108 ac
500 3044 685 3129 longa
729 3045 956 3109 oblivio
992 3045 1344 3110 Britanniae
1377 3047 1563 3109 etiam
1593 3047 1655 3109 in
1682 3066 1857 3127 pace.
1945 3043 2288 3107 Consilium

396 3145 463 3210 id
518 3146 699 3210 divus
756 3148 1083 3232 Augustus
1157 3149 1435 3225 vocabat,
1496 3147 1789 3212 Tiberius
1869 3158 2289 3231 praeceptum.

396 3249 690 3333 Agitasse
753 3248 830 3312 C.
896 3248 1230 3313 Caesarem
1288 3250 1366 3313 de
1425 3249 1702 3314 intranda
1759 3248 2071 3312 Britannia
2143 3248 2291 3311 satis

397 3362 658 3426 constat,
718 3351 782 3414 ni
838 3350 1022 3415 velox
1091 3353 1359 3437 ingenie,
1425 3352 1672 3416 mobilis
1742 3351 2172 3432 poenitentiae,
2232 3362 2293 3415 et

398 3452 680 3535 ingentes
710 3452 1008 3516 adversus
1041 3452 1443 3517 Germaniam
1471 3466 1727 3517 conatus
1757 3452 1981 3517 frustra
2008 3453 2291 3517 fuissent.

398 3550 601 3615 Divus
650 3552 954 3617 Claudius
999 3567 1212 3618 auctor
1260 3555 1484 3639 operiS,
1530 3555 1892 3618 transvectis
1945 3554 2293 3639 legionibus

399 3653 774 3742 auxiliisque
818 3667 882 3719 et
923 3670 1245 3740 assumpto
1273 3658 1339 3719 in
1364 3667 1604 3739 partem
1632 3677 1840 3719 rerum
1867 3654 2290 3741 Vespasiano:
