2715 4316
1116 394 1457 436 Acnrcom.
2153 377 2235 434 63

350 558 414 608 et
442 543 792 606 libertatem
833 563 955 604 non
1000 543 1061 605 in
1103 542 1535 622 poenitentiam
1573 539 1773 617 laturi,
1804 541 2001 622 primo
2031 542 2231 605 statim

351 666 692 728 congressu
765 665 963 706 nonne
1037 643 1451 719 ostendamuS,
1512 665 1667 726 quos
1726 643 1841 705 sibi
1902 642 2237 706 Caledonia

350 749 515 811 viros
564 744 950 827 seposuerit?
1037 746 1136 807 An
1181 744 1441 810 eandem
1486 743 1785 807 Romanis
1828 745 1893 808 in
1926 744 2090 807 bello
2116 746 2236 808 vir-

353 860 570 922 tutem,
603 868 791 929 quam
821 846 882 908 in
911 867 1064 930 pace
1094 845 1413 908 lasciviam
1444 844 1661 907 adesse
1691 845 1937 908 creditis
1962 844 2024 908 ‘3”

433 944 699 1006 XXXII.
749 946 1052 1021 “Nostris
1110 946 1197 1009 illi
1248 946 1733 1008 dissensionibus
1791 968 1864 1010 ac
1915 945 2235 1009 discordiis

350 1049 521 1124 clari,
553 1050 698 1111 vitia
742 1048 1011 1110 hostium
1055 1048 1118 1110 in
1159 1048 1418 1130 gloriam
1462 1049 1765 1111 exercitus
1809 1050 1906 1111 sui
1949 1060 2233 1114 vertunt:

350 1171 543 1232 quem
586 1161 966 1212 contractum
997 1170 1074 1211 ex
1100 1149 1538 1211 diversissimis
1581 1149 1888 1233 gentibUS,
1920 1161 1989 1212 ut
2019 1170 2237 1211 secun-
2327 1150 2336 1155 ’

349 1251 467 1314 dae
512 1272 612 1312 res
656 1262 882 1324 tenent,
916 1251 998 1313 ita
1030 1250 1321 1313 adversae
1366 1249 1740 1312 dissolvent:
1788 1251 1905 1313 nisi
1937 1251 1989 1312 si
2022 1249 2236 1312 Gallos

351 1365 414 1414 et
448 1351 791 1414 Germanos
838 1364 900 1415 et
927 1351 1145 1433 (pudet
1188 1351 1386 1432 dictu)
1417 1351 1847 1415 Britannorum
1889 1352 2234 1434 plerosque,

351 1454 499 1517 licet
527 1452 917 1515 dominationi
964 1453 1196 1516 alienae
1243 1454 1609 1537 sanguinem
1652 1453 2057 1528 commodent,
2103 1453 2236 1516 diu-

350 1556 477 1617 tius
525 1565 728 1616 tamen
778 1553 985 1616 hostes
1016 1576 1202 1637 quam
1253 1575 1483 1628 servoS,
1514 1554 1635 1616 fide
1681 1566 1743 1617 et
1771 1555 1995 1618 affectu
2045 1556 2237 1618 teneri

351 1656 617 1742 putatis:
666 1667 868 1717 metus
899 1668 960 1717 et
989 1669 1178 1718 terror
1221 1666 1334 1731 est,
1368 1656 1608 1717 infirma
1636 1656 1879 1719 vincula
1923 1657 2188 1719 caritatis
2218 1704 2233 1718 .

351 1779 513 1840 quae
559 1757 665 1819 ubi
708 1758 1061 1832 removeriS,
1094 1757 1201 1840 qui
1244 1758 1460 1819 timere
1490 1755 1797 1832 desierint,
1833 1757 2035 1820 od1sse
2085 1759 2236 1821 inci-

351 1861 545 1943 pient.
636 1856 861 1921 Omnia
902 1859 1191 1921 victoriae
1237 1859 1630 1943 incitamenta
1673 1881 1781 1943 pro
1824 1859 2000 1922 nobis
2054 1866 2234 1923 sunt:

274 1947 283 1955 ⁹
353 1959 558 2023 nullae
607 1958 923 2022 Romanos
972 1959 1264 2043 conjuges
1313 1959 1694 2036 accendunt3
1756 1960 1904 2022 nulli
1958 1974 2238 2041 parentes

352 2060 568 2144 fugam
614 2061 1027 2141 exprobraturi
1076 2073 1256 2136 sunt3
1304 2072 1411 2122 aut
1457 2061 1623 2123 nulla
1668 2061 1976 2143 plerisque
2024 2061 2236 2144 patria,

354 2175 462 2225 aut
518 2163 638 2226 alia
695 2175 809 2225 est.
919 2162 1167 2225 Paucos
1224 2185 1500 2239 numere,
1562 2163 1827 2244 trepidos
1885 2164 2237 2246 ignorantia,

352 2262 601 2326 coelum
653 2264 860 2347 ipsum
913 2285 985 2326 ac
1030 2284 1196 2325 mare
1250 2275 1312 2325 et
1364 2263 1567 2338 silvas,
1616 2264 1823 2345 ignota
1874 2263 2077 2325 omnia
2127 2265 2240 2325 cir-

353 2377 871 2445 cumspectanteS,
927 2364 1171 2428 clausos
1230 2364 1682 2448 quodammodo
1739 2386 1812 2427 ac
1868 2366 2101 2427 vinctos
2155 2365 2241 2428 dii

353 2465 529 2528 nobis
575 2465 968 2528 tradiderunt.
1057 2464 1158 2528 Ne
1203 2477 1424 2528 terreat
1466 2488 1659 2528 vanus
1704 2478 1989 2547 aspectus
2021 2480 2081 2529 et
2109 2468 2239 2530 auri

352 2567 556 2649 fulgor
584 2580 767 2649 atque
798 2568 1051 2650 argenti,
1084 2567 1248 2649 quod
1291 2589 1493 2650 neque
1535 2567 1685 2649 tegit
1713 2588 1911 2650 neque
1941 2568 2237 2631 vulnerat.

355 2667 429 2730 In
491 2669 625 2749 ipsa
695 2668 966 2731 hostium
1033 2670 1165 2730 acie
1224 2669 1607 2746 inveniemus
1673 2681 1908 2730 nostras
1981 2691 2238 2731 manus:

357 2782 696 2853 agnoscent
768 2769 1043 2833 Britanni
1126 2792 1304 2833 suam
1377 2791 1678 2832 causam:
1767 2770 2246 2834 recordabuntur

364 2868 531 2933 Galh
585 2871 853 2950 priorem
895 2869 1278 2933 libertatem:
1339 2870 1624 2932 deserent
1675 2870 1811 2932 illos
1857 2873 2042 2933 ceteri
2090 2870 2244 2933 Ger-

358 2973 546 3047 mani,
579 2983 870 3054 tanquam
913 2992 1109 3052 nuper
1156 2971 1361 3055 Usipii
1403 2972 1798 3054 reliquerunt.
1886 2970 2025 3034 Nec
2070 2972 2244 3055 quid-

361 3094 550 3155 quam
635 3072 796 3135 ultra
880 3071 1219 3135 formidinis
1255 3094 1269 3135 :
1377 3094 1573 3135 vacua
1667 3072 1936 3148 castella,
2027 3094 2246 3135 senum

362 3172 659 3249 coloniae,
719 3174 877 3235 inter
945 3174 1107 3236 male
1177 3187 1459 3254 parentes
1519 3186 1580 3236 et
1651 3173 1871 3257 injuste
1946 3173 2247 3256 imperan-

366 3286 458 3336 tes
517 3295 702 3358 aegra
757 3275 1094 3356 municipia
1149 3287 1211 3338 et
1267 3274 1717 3338 discordantia:
1787 3273 1886 3336 hic
1943 3273 2086 3350 dux,
2147 3273 2247 3337 hic

361 3376 708 3438 exercitus:
768 3374 854 3438 ib1
901 3376 1125 3439 tributa
1171 3389 1233 3439 et
1282 3376 1531 3439 metalla
1577 3389 1639 3440 et
1689 3388 1929 3439 ceterae
1984 3376 2249 3439 servien-

364 3477 518 3538 tium
561 3497 842 3557 poenae:
890 3498 1043 3560 quas
1090 3478 1152 3540 in
1201 3490 1521 3540 aeternum
1568 3477 1835 3558 perferre
1888 3490 1993 3541 aut
2045 3479 2251 3543 statim

366 3576 576 3639 ulcisci
624 3578 686 3639 in
732 3577 851 3639 hoc
891 3598 1110 3663 campo
1157 3591 1270 3642 est.
1360 3578 1624 3642 Proinde
1670 3580 1811 3643 ituri
1856 3581 1918 3643 in
1962 3582 2161 3644 aciem
2191 3591 2252 3642 et

366 3678 622 3761 majores
650 3692 888 3742 vestros
920 3691 981 3742 et
1007 3691 1286 3763 posteros
1329 3680 1653 3763 cogitate.”

444 3774 737 3840 XXXIII.
787 3774 1109 3861 Excepere
1161 3782 1493 3843 orationem
1548 3781 1801 3858 alacreS,
1857 3796 1925 3845 ut
1980 3779 2250 3845 barbaris
