2715 4316
476 346 559 389 ⁴4
1113 350 1172 391 C·
1223 352 1416 395 CORN.
1465 353 1737 395 TACITUS

464 490 738 574 plerique
811 490 1106 553 nobilium
1176 490 1663 555 adolescentium
1731 504 1948 572 petunt
2016 492 2177 555 ultro
2237 513 2345 557 eas

466 592 754 672 nationeS‚
801 613 958 673 quae
1010 604 1144 654 tum
1193 591 1428 655 bellum
1481 592 1726 675 aliquod
1776 606 2038 676 gerunt3
2086 595 2232 676 quia
2282 607 2345 658 et

464 693 699 775 ingrata
739 694 905 776 genti
949 694 1145 775 quies»,
1193 705 1254 754 et
1296 691 1539 756 facilius
1585 695 1739 755 inter
1781 694 2066 774 ancipitia
2117 694 2342 758 clares-

462 804 623 868 cunt,
682 814 1098 876 magnumque
1170 794 1529 856 comitatum
1584 815 1706 856 non
1760 795 1878 857 nisi
1935 795 1997 857 vi
2054 794 2339 878 belloque

463 901 714 956 tuentur
746 916 760 956 ε
830 895 1082 978 exigunt
1118 895 1282 957 enim
1323 895 1616 978 principis
1647 896 1745 958 sui
1772 895 2132 960 liberalitate
2162 897 2340 961 illum

465 994 817 1058 bellatorem
903 1016 1153 1077 equum,
1241 995 1411 1059 illam
1500 1008 1816 1059 cruentam
1896 997 2338 1081 victricemque

465 1093 776 1158 frameam.
864 1094 1031 1159 Nam
1075 1096 1292 1178 epulae
1337 1105 1798 1180 et,'quanquam
1841 1097 2152 1179 incompti,
2183 1099 2338 1183 largi

461 1207 667 1259 tamen
696 1210 1019 1282 apparatus
1062 1220 1172 1280 pro
1202 1198 1502 1280 stipendio
1531 1198 1794 1261 cedunt:
1840 1200 2094 1261 materia
2135 1202 2337 1263 muni-

460 1299 741 1381 ficentiae
783 1321 894 1380 per
934 1298 1096 1363 bella
1139 1312 1201 1362 et
1240 1312 1471 1381 raptus,
1559 1299 1699 1363 Nec
1743 1321 1910 1362 arare
1951 1312 2191 1378 terram,
2231 1314 2338 1364 aut

462 1413 782 1481 expectare
824 1423 1071 1477 annum,
1103 1413 1230 1463 tam
1259 1400 1440 1464 facile
1471 1403 1867 1486 persuaseris,
1899 1423 2088 1485 quam
2112 1424 2334 1465 vocare

460 1500 669 1564 hostes
700 1514 761 1564 et
787 1502 1043 1564 vulnera
1083 1503 1323 1566 mereri.
1413 1502 1671 1586 Pigrum
1715 1504 2052 1586 quinimmo
2081 1516 2143 1566 et
2170 1504 2334 1566 iners

459 1601 715 1677 videtur,
798 1600 1019 1665 sudore
1099 1603 1433 1686 acquirere,
1515 1604 1681 1687 quod
1756 1605 1958 1688 possis
2037 1606 2334 1689 sanguine

458 1724 691 1783 parare.

543 1803 688 1868 XV.
761 1803 1067 1878 Quotiens
1138 1803 1300 1869 bella
1384 1828 1506 1869 non
1575 1807 1805 1885 ineunt,
1878 1830 1999 1871 non
2069 1807 2336 1872 multum

456 1906 798 1982 venatibuS,
850 1905 992 1988 plus
1048 1928 1160 1992 per
1217 1908 1412 1971 otium
1467 1909 1825 1993 transigunt,
1872 1909 2059 1973 dediti
2118 1930 2334 1971 somno

458 2007 738 2092 ciboque,
784 2006 1151 2072 fortissimus
1197 2010 1460 2093 quisque
1504 2033 1578 2075 ac
1618 2011 2126 2075 bellicosissimus
2181 2008 2336 2073 nihil

456 2131 666 2194 agens,
713 2109 994 2195 delegata
1032 2112 1253 2176 domus
1298 2125 1361 2177 et
1400 2114 1713 2195 penatium
1757 2124 1818 2177 et
1859 2133 2144 2197 agrorum
2187 2132 2335 2174 cura

458 2210 702 2275 feminis
748 2214 1122 2297 senibusque
1155 2227 1217 2279 et
1244 2215 1662 2279 infirmissimo
1700 2201 1925 2296 cuique
1956 2235 2034 2275 ex
2059 2212 2329 2277 familia:

457 2314 576 2394 ipsi
633 2312 895 2391 hebent3
970 2317 1125 2378 mira
1178 2314 1527 2378 diversitate
1599 2326 1868 2389 naturae,
1929 2335 2074 2376 cum
2145 2313 2335 2377 iidem

456 2414 733 2477 homines
766 2416 856 2478 sic
885 2428 1091 2479 ament
1134 2416 1413 2479 inertiam
1442 2427 1504 2477 et
1532 2413 1766 2476 oderint
1808 2413 2100 2494 quietem.
2190 2413 2333 2477 Mos

459 2527 553 2577 est
583 2515 930 2579 civitatibus
974 2516 1132 2579 ultro
1161 2537 1234 2577 ac
1261 2514 1489 2578 viritim
1517 2512 1789 2575 conferre
1827 2512 2205 2597 principibus
2233 2514 2334 2577 vel

458 2630 868 2680 armentorum
909 2617 1010 2681 vel
1052 2617 1319 2699 frugum,
1351 2613 1518 2697 quod
1558 2635 1668 2694 pro
1710 2613 1936 2676 honore
1986 2628 2330 2695 acceptum,

458 2717 643 2781 etiam
697 2718 1168 2805 necessitatibus
1244 2715 1547 2777 subvenit.
1656 2712 1946 2777 Gaudent
2002 2716 2332 2799 praecipue

457 2819 853 2882 finitimarum
894 2818 1171 2901 gentium
1193 2815 1396 2890 donia,
1428 2836 1586 2897 quae
1615 2836 1736 2878 non
1771 2816 1955 2880 modo
1984 2836 2021 2877 a
2050 2815 2331 2898 singuIiS‚

459 2919 571 2982 sed
640 2918 886 2998 publice
957 2918 1314 2980 mittuntur:
1392 2915 1573 2979 electi
1629 2918 1792 3000 equi,
1851 2938 2074 3000 magna
2143 2937 2330 2992 arma,

458 3019 762 3105 phalerae,
822 3032 1212 3102 torquesque.
1321 3015 1362 3079 J
1367 3037 1468 3081 am
1523 3030 1585 3081 et
1654 3020 1984 3103 pecuniam
2053 3018 2333 3103 accipere

458 3123 806 3187 docuimus.

544 3221 723 3285 XVI.
769 3219 992 3286 Nullas
1040 3216 1490 3285 Germanorum
1530 3221 1776 3306 populis
1819 3221 2005 3286 urbes
2057 3218 2332 3295 habitari,

466 3325 607 3387 satis
665 3334 878 3384 notum
935 3335 1066 3385 est:
1135 3343 1214 3384 ne
1268 3324 1394 3404 pati
1455 3322 1707 3408 quidem
1764 3323 1920 3385 inter
1976 3342 2043 3383 se
2094 3319 2336 3404 junctas

466 3424 661 3486 sedes·
754 3420 984 3486 Colunt
1013 3423 1260 3488 discreti
1298 3446 1372 3488 ac
1400 3425 1647 3512 diversi,
1679 3436 1748 3487 ut
1774 3422 1930 3499 fonS,
1962 3434 2031 3486 ut
2057 3420 2335 3505 campus,

464 3536 526 3588 ut
581 3545 802 3587 nemus
872 3524 1122 3605 placuit.
1228 3524 1419 3588 Vicos
1490 3525 1710 3600 locant,
1769 3545 1892 3585 non
1948 3524 2008 3586 in
2065 3534 2341 3585 nostrum

460 3647 713 3701 morem,
761 3627 1052 3689 connexis
1110 3638 1172 3689 et
1228 3626 1697 3688 cohaerentibus
1757 3624 2092 3687 aedificiis:
2164 3643 2343 3685 suam

459 3730 722 3814 quisque
751 3728 1007 3810 domum
1051 3729 1246 3808 spatio
1275 3724 1632 3801 circumdat,
1664 3726 1794 3788 sive
1823 3724 2117 3787 adversus
2159 3743 2343 3786 casus
