2715 4316
441 382 526 444 30
1075 398 1136 440 c.
1183 396 1378 440 coms.
1427 395 1701 438 ‘nomos

438 568 667 610 annum
688 566 934 629 quoque
963 546 1169 626 ipsum
1198 566 1320 606 non
1350 545 1415 606 in
1441 542 1696 606 totidem
1723 541 2008 626 digerunt
2035 539 2317 622 species:

437 647 637 711 hiems
668 659 730 710 et
756 668 863 709 ver
891 658 953 709 et
981 659 1183 709 aestas
1214 644 1596 708 intellectum
1624 665 1698 707 ac
1726 640 2025 707 vocabula
2053 642 2319 706 habent:

435 749 715 811 autumni
743 747 995 828 perinde
1024 768 1251 809 nomen
1278 767 1351 809 ac
1379 746 1540 808 bona
1568 746 1940 829 ignorantur.

521 848 802 912 XXVII.
849 845 1166 912 Funerum
1192 848 1362 911 nulla
1391 847 1672 924 ambiti03
1719 845 1781 909 id
1811 845 2014 908 solum
2036 845 2321 909 observa-

437 962 553 1026 tur,
584 963 653 1014 ut
682 972 934 1032 corpora
977 950 1279 1013 clarorum
1310 950 1577 1012 virorum
1620 948 1804 1011 certis
1832 947 2015 1030 lignis
2045 967 2322 1009 cremen-

435 1064 552 1114 tur.
630 1052 879 1115 Struem
906 1053 1039 1135 rogi
1067 1073 1183 1115 nec
1203 1051 1482 1115 vestibus
1510 1071 1627 1112 nec
1654 1048 1940 1112 odoribus
1970 1048 2318 1112 cumulant:

435 1174 550 1216 sua
593 1155 818 1236 cuique
863 1175 1050 1230 arma,
1082 1152 1465 1236 quorundam
1508 1153 1634 1235 igni
1679 1162 1741 1214 et
1784 1171 1982 1234 equus
2019 1149 2321 1234 adjicitur.

438 1255 809 1339 Sepulcrum
840 1276 1099 1339 caespes
1131 1255 1346 1338 erigit3
1400 1264 1936 1316 monumentorum
1968 1250 2229 1314 arduum
2259 1262 2322 1314 et

435 1377 763 1437 operosum
806 1355 1119 1431 honorem,
1149 1366 1220 1418 ut
1246 1376 1501 1439 gravem
1542 1351 1867 1428 defunctiS,
1900 1364 2320 1438 aspernantur.

436 1455 739 1519 Lamenta
822 1477 896 1518 ac
967 1457 1250 1519 lacrimas
1323 1457 1465 1532 cit0,
1539 1455 1813 1518 dolorem
1884 1466 1946 1516 et
2015 1454 2321 1517 tristitiam

437 1555 603 1620 tarde
660 1567 912 1637 ponunt.
1000 1555 1276 1619 Feminis
1334 1556 1546 1639 lugere
1604 1555 1933 1618 honestum
1992 1566 2125 1631 est;
2172 1555 2319 1617 viris

434 1658 813 1720 meminisse.
930 1655 1110 1719 Haec
1175 1658 1238 1719 in
1308 1677 1637 1719 commune
1694 1655 1770 1718 de
1830 1656 2105 1719 omnium
2164 1654 2321 1718 Ger-

434 1780 757 1821 manorum
815 1758 1044 1842 origine
1090 1779 1164 1820 ac
1206 1757 1481 1821 moribus
1526 1758 1926 1838 accepimus:
1987 1778 2151 1819 nunc
2196 1758 2321 1819 sin-

433 1859 720 1943 gularum
748 1859 1025 1943 gentium
1056 1859 1333 1921 instituta
1361 1858 1658 1941 ritusque,
1686 1870 1987 1940 quatenus
2018 1855 2316 1933 differant,

435 1982 594 2044 quae
637 1963 913 2024 nationes
944 1981 978 2023 e
1013 1959 1344 2025 Germania
1386 1960 1448 2022 in
1480 1958 1717 2023 Gallias
1763 1946 2317 2041 commigraverint,

436 2063 779 2145 expediam.

520 2165 814 2230 XXVIII
895 2166 1241 2230 Validiores
1315 2166 1462 2229 olim
1536 2164 1858 2228 Gallorum
1927 2185 2028 2226 res
2100 2162 2318 2241 fuisse,

437 2289 720 2330 summus
777 2279 1100 2330 auctorum
1155 2266 1335 2330 divus
1394 2264 1602 2328 Julius
1658 2264 1874 2327 tradit:
1936 2286 2132 2348 eoque
2191 2286 2322 2328 cre-

435 2367 621 2430 dibile
674 2379 770 2429 est
818 2368 1002 2429 etiam
1056 2366 1272 2428 Gallos
1315 2367 1382 2428 in
1435 2364 1834 2427 Germaniam
1883 2377 2318 2450 transgressos.

437 2466 822 2541 Quantulum
895 2467 1060 2530 enim
1131 2467 1329 2529 amnis
1403 2465 1699 2542 obstabat,
1759 2487 1882 2548 quo
1952 2469 2177 2544 minuS,
2251 2478 2324 2531 ut

436 2588 717 2651 quaeque
790 2588 943 2650 gens
1016 2567 1344 2643 evaluerat,
1421 2579 1749 2648 occuparet
1824 2580 2321 2652 permutaretque

437 2667 638 2744 sedeS,
669 2669 1052 2750 promiscuas
1097 2667 1298 2731 adhuc
1343 2681 1407 2731 et
1447 2668 1618 2730 nulla
1673 2690 2001 2753 regnorum
2052 2671 2323 2750 potentia

434 2768 710 2832 divisas?
797 2768 994 2853 Igitur
1021 2769 1178 2831 inter
1207 2768 1589 2853 Hercyniam
1636 2769 1872 2849 sylvam
1903 2768 2320 2853 Rhenumque

436 2881 499 2933 et
544 2869 842 2932 Moenum
897 2891 1111 2932 amnes
1170 2869 1466 2946 Helvetii,
1524 2870 1812 2934 ulteriora
1870 2869 2029 2947 Boii,
2078 2869 2321 2934 Gallica

434 2983 693 3055 utraque
722 2994 895 3055 genS,
923 2984 1197 3034 tenuere.
1287 2970 1501 3035 Manet
1527 2972 1730 3036 adhuc
1759 2972 2047 3035 Boihemi
2073 2993 2315 3050 nomen,

437 3075 764 3158 signatque
827 3069 943 3135 loci
1007 3079 1284 3136 veterem
1341 3076 1722 3151 memoriam,
1754 3076 2037 3158 quamvis
2066 3074 2318 3137 mutatis

436 3175 794 3239 cultoribus,
884 3172 1013 3236 Sed
1078 3186 1286 3238 utrum
1342 3175 1626 3239 Aravisci
1682 3177 1746 3239 in
1803 3175 2185 3239 Pannoniam
2240 3174 2319 3237 ab

439 3276 606 3352 Osis,
659 3275 1110 3338 Germanorum
1155 3277 1419 3353 natione,
1470 3299 1549 3340 an
1600 3277 1714 3340 Osi
1766 3277 1843 3339 ab
1888 3277 2200 3339 Araviscis
2254 3277 2321 3338 in

438 3375 838 3438 Germaniam
862 3439 863 3442 ,
884 3377 1436 3460 commigraverint,
1486 3399 1632 3441 cum
1683 3375 1901 3439 eodem
1945 3376 2147 3438 adhuc
2192 3397 2320 3439 ser-

436 3497 638 3552 mone,
671 3477 980 3554 institutiS,
1012 3479 1284 3541 moribus
1328 3491 1593 3553 utantur,
1626 3479 1925 3539 incertum
1969 3488 2105 3538 est:
2153 3478 2317 3559 quia,

436 3577 567 3658 pari
622 3576 767 3639 olim
818 3578 1021 3660 inopia
1071 3600 1145 3641 ac
1188 3579 1485 3653 libertate,
1519 3577 1736 3640 eadem
1784 3576 2105 3660 utriusque
2149 3579 2319 3662 ripae

435 3678 595 3741 bona
625 3677 908 3761 malaque
957 3691 1145 3742 erant.
1232 3680 1491 3742 Treveri
1520 3690 1582 3741 et
1610 3676 1824 3742 Nervii
1868 3678 2030 3742 circa
2073 3680 2317 3743 affecta-

441 3792 672 3843 tionem
703 3779 1109 3844 Germanicae
1154 3781 1405 3862 originis
1448 3779 1608 3842 ultro
1651 3780 1959 3844 ambitiosi
1995 3792 2157 3857 sunt,
2189 3791 2323 3843 tan-
