2715 4316
1106 368 1190 411 or.
1238 352 1601 410 anamma,
2214 349 2299 410 39

410 517 603 602 Rugii
664 528 727 580 et
771 513 1099 581 Lemovii·
1160 516 1560 598 omniumque
1617 513 1839 578 harum
1886 514 2166 599 gentium
2208 514 2300 577 in-

405 622 604 704 signe,
663 618 925 683 rotunda
982 629 1176 695 scuta,
1234 617 1454 680 breves
1525 616 1732 700 gladii,
1793 629 1855 679 et
1911 638 2057 701 erga
2120 637 2301 701 reges

406 722 799 805 obsequium.

490 819 711 884 XLIV.
774 822 1080 885 Suionum
1151 819 1295 885 hinc
1353 821 1652 897 civitateS,
1713 820 1848 902 ipso
1903 821 1968 884 in
2026 820 2297 898 Oceano,

406 936 650 1010 praeter
677 925 841 987 viros
873 944 1165 1005 armaque
1195 923 1503 986 classibus
1531 922 1738 986 valent
1764 944 1779 984 :
1825 922 2023 985 forma
2050 924 2301 987 navium

410 1047 487 1089 eo
530 1026 754 1100 differt,
797 1025 963 1109 quod
1006 1025 1315 1107 utrimque
1360 1045 1537 1104 prora
1589 1036 1862 1105 paratam
1910 1045 2155 1105 semper
2197 1046 2303 1105 ap-

414 1126 621 1207 pulsui
664 1125 928 1188 frontem
971 1126 1134 1209 agit:
1181 1146 1299 1187 nec
1318 1123 1477 1190 velis
1494 1123 1949 1207 ministrantur,
1965 1146 2082 1189 nec
2099 1145 2302 1186 remos

414 1230 476 1292 in
520 1229 795 1290 ordinem
836 1227 1130 1291 lateribus
1175 1225 1535 1310 adjungunt.
1627 1225 1934 1301 Solutum,
1965 1237 2036 1288 ut
2078 1226 2142 1288 in
2170 1226 2305 1308 qui-

416 1329 676 1417 nusdam
704 1328 1051 1405 fluminum,
1085 1339 1147 1391 et
1174 1327 1489 1403 mutabile,
1521 1339 1592 1390 ut
1632 1348 1732 1389 res
1783 1327 2003 1408 poscit,
2034 1326 2177 1389 hinc
2205 1326 2306 1389 vel

414 1431 584 1495 illinc
640 1431 989 1514 remigium.
1078 1428 1199 1492 Est
1253 1428 1420 1510 apud
1475 1428 1613 1491 illos
1671 1440 1734 1490 et
1790 1428 2008 1511 opibus
2065 1427 2302 1505 honos;

413 1552 614 1614 eoque
662 1553 822 1594 unus
873 1531 1197 1612 imperitat,
1243 1529 1429 1593 nullis
1475 1529 1607 1613 jam
1657 1529 2139 1611 exceptionibuS‚
2183 1550 2308 1592 non

409 1633 689 1716 precario
738 1632 874 1716 jure
918 1631 1191 1717 parendi.
1278 1630 1343 1694 N
1346 1653 1421 1694 ec
1478 1653 1665 1707 arma,
1724 1644 1794 1694 ut
1849 1632 2011 1713 apud
2069 1644 2305 1694 ceteros

417 1734 781 1810 GermanOS,
814 1735 877 1796 in
925 1735 1298 1818 promiscuo,
1348 1733 1460 1796 sed
1512 1733 1723 1796 clausa
1770 1735 1885 1796 sub
1938 1734 2193 1797 custode
2246 1742 2310 1796 et

414 1835 669 1920 quidem
699 1857 913 1898 servo:
960 1837 1106 1919 quia
1136 1836 1373 1899 subitos
1413 1835 1685 1898 hostium
1715 1836 1997 1899 incursus
2026 1835 2310 1920 prohibet

418 1938 729 2012 Oceanm,
785 1938 981 1999 otiosa
1036 1957 1215 2017 porro
1271 1948 1642 2000 armatorum
1698 1957 1919 1999 manus
1962 1934 2143 1998 facile
2187 1935 2280 1997 las

417 2041 692 2103 civiunt:
741 2040 1053 2102 enimvero
1109 2059 1311 2121 neque
1356 2038 1630 2102 nobilem
1686 2058 1889 2120 neque
1948 2038 2305 2120 ingenuum,

418 2162 498 2204 ne
532 2140 885 2204 libertinum
913 2139 1185 2224 quidem,
1219 2141 1407 2203 armis
1451 2161 1824 2222 praeponere
1867 2138 2037 2222 regia
2079 2137 2309 2202 utilitas

420 2255 537 2306 est.

503 2341 693 2406 XLV.
740 2344 944 2407 Trans
992 2344 1258 2408 Suionas
1303 2344 1474 2408 aliud
1513 2365 1702 2419 mare,
1733 2345 1979 2430 pigrum
2010 2365 2083 2406 ac
2122 2364 2310 2425 prope

422 2448 766 2522 immotum,
820 2468 943 2529 quo
995 2447 1158 2530 cingi
1210 2445 1498 2529 cludique
1556 2458 1854 2509 terrarum
1911 2446 2122 2508 orbem
2171 2444 2311 2508 hinc

420 2548 598 2625 fides,
662 2547 827 2631 quod
885 2559 1198 2611 extremus
1258 2546 1533 2610 cadentis
1599 2547 1730 2632 jam
1787 2547 1934 2610 solis
1990 2546 2195 2631 fulgor
2249 2548 2313 2610 in

423 2662 591 2714 ortus
643 2649 858 2712 edurat
901 2648 1055 2711 adeo
1113 2649 1335 2725 claru8‚
1381 2661 1451 2712 ut
1505 2648 1704 2712 sidera
1745 2648 2034 2726 hebetet3
2091 2669 2313 2711 sonum

421 2752 674 2832 insuper
729 2750 944 2826 audiri,
1003 2749 1355 2833 formasque
1416 2749 1673 2813 deorum
1730 2761 1792 2813 et
1846 2750 2049 2813 radios
2094 2749 2311 2830 capitis

422 2853 619 2933 aspici
667 2852 986 2932 persuasio
1036 2850 1262 2936 adjicit.
1352 2851 1511 2914 Illuc
1554 2873 1775 2935 usque,
1831 2864 1894 2914 et
1940 2851 2106 2914 fama
2146 2871 2312 2925 vera,

424 2965 660 3017 tantum
688 2966 921 3017 natura.
1010 2951 1182 3037 Ergo
1213 2953 1344 3038 jam
1373 2954 1584 3017 dextro
1618 2953 1870 3018 Suevici
1898 2954 2084 3017 maris
2113 2953 2311 3015 littore

430 3056 796 3135 Aestyorum
840 3068 1058 3139 gentes
1089 3056 1444 3119 alluuntur:
1491 3056 1717 3140 quibus
1746 3056 1899 3118 ritus
1943 3054 2312 3134 habitusque

428 3156 827 3234 Suevorum3
914 3158 1127 3241 lingua
1202 3155 1590 3220 Britannicae
1670 3156 1931 3237 propior.
2048 3152 2314 3216 Matrem

426 3258 615 3321 deum
696 3271 1108 3322 venerantur:
1202 3259 1444 3343 insigne
1531 3256 1999 3343 superstitionis»,
2086 3253 2313 3317 formas

425 3381 712 3441 aprorum
783 3372 1067 3445 gestant3
1143 3360 1207 3424 id
1274 3383 1386 3442 pro
1458 3361 1644 3423 armis
1718 3358 2006 3441 omnique
2078 3356 2311 3420 tutela:

425 3482 716 3525 securum
760 3461 913 3525 deae
971 3462 1271 3526 cultorem
1328 3464 1517 3526 etiam
1560 3464 1716 3525 inter
1758 3460 1967 3524 hostes
2025 3470 2314 3545 praestat.

425 3561 631 3626 Rarus
704 3562 867 3639 ferri,
948 3564 1239 3647 frequens
1324 3562 1586 3626 fustium
1675 3585 1851 3626 usuS.
1983 3562 2315 3625 Frumenta

427 3677 785 3748 ceterosque
842 3664 1080 3728 fructus
1136 3666 1488 3746 patientius,
1536 3686 1723 3747 quam
1778 3687 1890 3750 pro
1936 3665 2114 3727 solita
2159 3661 2314 3725 Ger-

426 3785 749 3830 manorum
790 3767 1025 3856 inertia,
1070 3766 1367 3829 laborant.
1457 3764 1587 3829 Sed
1630 3777 1692 3828 et
1733 3786 1901 3829 mare
1948 3775 2314 3838 scrutantur,
