2715 4316
396 333 478 389 66
1055 350 1114 388 c.
1161 346 1352 388 conN.
1400 346 1618 388 'mom

476 490 763 554 XXXVI.
809 494 905 557 Ac
960 495 1157 574 primo
1213 515 1549 576 congressu
1595 495 1835 557 eminus
1880 497 2225 560 certabatur

397 595 580 657 simul
610 597 962 671 constantia,
997 595 1179 657 simul
1211 608 1335 657 arte
1368 594 1639 658 Britanni
1671 596 2018 678 ingentibus
2048 598 2266 681 gladiis

396 708 457 758 et
484 697 771 759 brevibus
816 698 999 759 cetris
1043 695 1300 758 missilia
1349 709 1695 759 nostrorum
1722 697 1911 760 vitare
1940 698 2041 760 vel
2083 720 2268 761 excu-

395 809 541 872 tere,
589 808 770 878 atque
815 797 932 877 ipsi
976 817 1261 879 magnam
1304 797 1432 858 vim
1483 795 1742 859 telorum
1788 796 2265 877 superfundere:

395 897 589 960 donec
677 895 981 980 Agricola
1076 895 1461 959 Batavorum
1539 896 1818 960 cohortes
1866 919 1939 961 ac
1984 897 2268 982 Tungro-

394 1020 532 1061 rum
587 999 740 1061 duas
799 997 1144 1060 cohortatus
1201 1010 1314 1072 est,
1362 1010 1430 1060 ut
1488 1019 1620 1061 rem
1677 998 1755 1061 ad
1810 1020 2134 1061 mucrones
2195 1022 2268 1062 ac

394 1123 612 1163 manus
670 1100 1075 1163 adducerent:
1125 1099 1289 1182 quod
1345 1111 1407 1162 et
1462 1100 1611 1180 ipsis
1654 1112 1956 1164 vetustate
2014 1101 2267 1163 militiae

395 1204 812 1277 exercitatum,
846 1213 905 1263 et
935 1201 1213 1264 hostibus
1259 1199 1523 1263 inhabile
1572 1222 1758 1281 parva
1802 1214 1976 1264 scuta
2006 1214 2067 1265 et
2095 1223 2267 1264 enor-

394 1324 527 1365 mes
557 1302 791 1386 gladios
835 1302 1225 1385 gerentibus:
1273 1323 1417 1363 nam
1461 1301 1888 1364 Britannorum
1917 1301 2103 1385 gladii
2134 1303 2266 1364 sine

395 1425 683 1466 mucrone
730 1403 1118 1483 complexum
1167 1424 1474 1465 armorum
1519 1415 1580 1465 et
1629 1403 1691 1465 iu
1740 1415 1947 1483 aperto
1995 1425 2267 1487 pugnam

394 1526 514 1565 non
543 1503 895 1565 tolerabant.
984 1503 1196 1586 Igitur,
1228 1515 1298 1565 ut
1327 1502 1543 1566 Batavi
1587 1505 1845 1566 miscere
1876 1505 2055 1580 ictuS,
2087 1503 2266 1567 ferire

396 1604 782 1680 umbonibuS,
816 1625 920 1665 ora
962 1603 1226 1679 foedare,
1259 1617 1322 1666 et
1367 1606 1567 1667 stratis
1612 1607 1717 1688 qui
1748 1607 1808 1667 in
1838 1627 2035 1689 aequo
2079 1607 2265 1669 obsti-

396 1716 606 1778 terant,
639 1705 870 1788 erigere
902 1705 963 1767 in
993 1703 1182 1767 colles
1227 1706 1427 1768 aciem
1471 1727 1748 1787 coepere,
1781 1719 2018 1769 ceterae
2055 1707 2266 1777 cohor-

393 1821 506 1881 teS‚
581 1806 985 1869 aemulatione
1059 1819 1118 1868 et
1189 1808 1419 1887 impetu
1508 1809 1886 1882 commistae,
1958 1810 2265 1888 proximos

395 1929 671 1991 quosque
716 1907 1015 1984 caedere;
1063 1929 1136 1969 ac
1177 1907 1453 1991 plerique
1500 1910 1841 1971 semineces
1886 1921 1992 1972 aut
2049 1911 2266 1993 integri

392 2010 775 2073 festinatione
832 2010 1120 2073 victoriae
1184 2008 1699 2092 relinquebantur.
1788 2009 2039 2073 Interim
2096 2012 2265 2093 equi-

393 2125 522 2175 tum
595 2124 831 2175 turmae
888 2110 1122 2196 fugere,
1190 2111 1479 2175 covinarii
1548 2110 1826 2196 peditum
1898 2133 1963 2174 se
2036 2112 2266 2196 proelio

392 2215 742 2276 miscuere:
819 2225 897 2289 et,
957 2235 1308 2296 quanquam
1370 2225 1678 2276 recentem
1750 2226 2039 2276 terrorem
2109 2215 2239 2276 intu

392 2314 602 2387 lerant,
635 2314 841 2375 densis
885 2326 1091 2375 tamen
1134 2313 1403 2378 hostium
1448 2314 1794 2397 agminibus
1841 2327 1902 2376 et
1936 2314 2267 2397 inaequali-

394 2414 510 2476 bus
557 2412 708 2475 locis
752 2412 1114 2475 haerebant:
1162 2414 1537 2497 minimeque
1584 2415 1882 2497 equestris
1914 2436 1987 2476 ea
2024 2436 2264 2498 pugnae

394 2513 583 2575 facies
614 2526 758 2590 erat,
790 2534 933 2575 cum
962 2534 1142 2595 aegre
1173 2512 1275 2575 diu
1323 2525 1551 2576 stantes
1584 2515 1766 2578 simul
1811 2517 2106 2597 equorum
2137 2537 2267 2577 cor-

394 2613 641 2693 poribus
688 2612 1156 2693 impellerentur,
1189 2635 1260 2676 ac
1306 2635 1489 2695 saepe
1534 2616 1673 2697 vagi
1719 2637 1953 2690 curruS,
2002 2616 2267 2677 exterriti

397 2714 528 2776 sine
600 2713 936 2776 rectoribus
1005 2716 1166 2798 equi,
1225 2728 1295 2777 ut
1349 2736 1658 2799 quemque
1703 2714 1973 2778 ‘formido
2029 2716 2268 2778 tulerat.

398 2829 772 2878 transversos
805 2828 909 2877 aut
939 2817 1149 2879 obvios
1181 2816 1590 2879 incursabant.

479 2912 794 2977 XXXVII.
841 2916 926 2979 Et
970 2916 1260 2993 Britanni,
1308 2920 1413 3001 qui
1459 2918 1659 2981 adhuc
1703 2941 1942 3002 pugnae
1988 2932 2267 3000 expertes

400 3022 641 3081 summa
685 3019 934 3082 collium
991 3019 1337 3082 insederant
1395 3032 1455 3082 et
1511 3022 1882 3104 paucitatem
1927 3033 2267 3083 nostrorum

395 3122 572 3184 vacui
619 3119 1001 3205 spernebant,
1033 3120 1283 3204 degredi
1327 3121 1621 3205 paulatim
1651 3135 1711 3183 et
1740 3122 2061 3184 circumire
2100 3135 2267 3204 terga

397 3222 769 3285 vincentium
813 3234 1178 3307 coeperant:
1227 3223 1287 3285 ni
1332 3222 1395 3284 id
1441 3223 1642 3302 ipsum
1687 3223 1914 3284 veritus
1960 3222 2267 3305 Agricola,

396 3335 654 3405 quatuor
685 3325 959 3406 equitum
990 3323 1137 3398 alaS,
1171 3323 1247 3385 ad
1292 3322 1493 3385 subita
1531 3321 1676 3384 belli
1705 3334 1990 3398 retentaS,
2024 3323 2268 3386 venien-

396 3422 558 3485 tibus
632 3425 1036 3503 opposuisset,
1107 3435 1453 3505 quantoque
1526 3423 1790 3485 ferocius
1865 3436 2268 3499 accurrerant,

400 3534 559 3585 .anto
617 3524 818 3584 acrius
875 3524 1086 3607 pulsos
1146 3525 1208 3585 in
1264 3524 1473 3606 fugam
1526 3523 1889 3606 disjecisset.
1979 3524 2072 3587 Ita
2129 3545 2271 3586 con-

399 3623 601 3685 silium
647 3622 1073 3686 Britannorum
1118 3625 1180 3686 in
1224 3626 1722 3708 ipsoswersum:
1771 3638 2270 3707 transvectaeque

396 3737 717 3804 praecepto
761 3723 937 3785 ducis
990 3745 1026 3786 a
1080 3723 1274 3786 fronte
1333 3727 1737 3807 pugnantium
1794 3725 1946 3802 alae,
1994 3747 2271 3789 aversam
