2715 4316
1109 397 1193 440 nn
1240 394 1601 439 GERMANIA.
2214 381 2296 439 35

403 544 667 628 ingens;
715 545 1065 626 veterisque
1108 543 1310 606 famae
1354 543 1477 606 lata
1519 543 1780 626 vestigia
1820 552 2088 618 manent,
2133 554 2298 606 utra-

402 666 527 728 que
555 646 689 726 ripa
719 657 918 707 castra
947 666 1020 706 ac
1051 645 1265 728 spatia,
1298 665 1560 726 quorum
1596 642 1830 706 ambitu
1856 665 2020 706 nuno
2049 664 2295 727 quoque

403 747 678 808 metiaris
707 745 938 808 molem
980 766 1323 826 manusque
1353 746 1556 827 gentis
1587 756 1649 806 et
1675 756 1803 806 tam
1844 745 2054 828 magni
2093 746 2294 808 exitus

403 845 615 908 fidem.
729 844 1266 908 sexcentesimum
1335 857 1398 907 et
1454 843 1996 927 quadragesimum
2066 866 2294 908 annum

407 946 556 1008 urbs
600 959 808 1009 nostra
851 946 1090 1029 agebat,
1136 966 1283 1007 cum
1340 946 1606 1026 primum
1654 945 2046 1008 Cimbrorum
2088 946 2296 1009 audita

408 1058 554 1109 sunt
597 1068 785 1122 arma,
823 1045 1098 1110 Caecilio
1128 1043 1385 1107 Metello
1434 1050 1501 1105 et
1547 1044 1793 1126 Papirio
1826 1044 2108 1108 Carbone
2151 1067 2293 1108 con-

409 1147 675 1209 sulibuS.
764 1145 867 1209 Ex
910 1168 1032 1230 quo
1078 1146 1131 1209 si
1174 1145 1254 1208 ad
1302 1145 1561 1208 alterum
1606 1145 1997 1226 Imperatoris
2043 1144 2293 1228 Trajani
2367 1137 2373 1143 ⁴

406 1247 799 1310 consulatum
830 1258 1278 1327 computemuS,
1310 1244 1559 1307 ducenti
1588 1244 1781 1307 ferme
1814 1257 1875 1307 et
1903 1244 2124 1306 decem
2151 1245 2292 1307 anni

403 1347 821 1431 colliguntur3
868 1346 1102 1410 tamdiu
1150 1345 1485 1409 Germania
1525 1345 1808 1408 vincitur.
1899 1344 2111 1407 Medio
2166 1357 2294 1408 tam

406 1447 575 1530 longi
604 1449 741 1511 aevi
787 1449 1001 1531 spatio,
1033 1447 1227 1509 multa
1256 1446 1523 1508 invicem
1551 1444 1775 1507 damna
1806 1465 1821 1506 ε
1866 1467 1989 1507 non
2020 1444 2289 1522 SamniS,

404 1570 526 1610 non
573 1547 789 1622 Poeni,
835 1569 958 1609 non
1001 1546 1343 1630 Hispaniae
1393 1543 1731 1622 Galliaeve,
1778 1567 1855 1608 ne
1901 1545 2113 1609 Parthi
2157 1547 2291 1629 qui-

401 1650 549 1712 dem
580 1650 826 1730 saepius
872 1648 1241 1711 admonuere
1268 1669 1282 1708 :
1330 1647 1557 1730 quippe
1596 1668 1787 1731 regno
1815 1648 2066 1711 Arsacis
2097 1649 2293 1711 acrior

403 1762 500 1813 est
559 1749 1007 1812 Germanorum
1063 1749 1333 1811 libertas·
1424 1747 1596 1821 Quid
1653 1751 1819 1813 enim
1874 1750 2042 1813 aliud
2089 1750 2286 1825 nobiS,

402 1873 593 1935 quam
650 1851 904 1914 caedem
953 1850 1184 1926 Crassi,
1232 1851 1463 1913 amisso
1520 1861 1581 1913 et
1638 1852 1771 1935 ipse
1830 1850 2088 1928 Pacoro,
2136 1850 2290 1914 infra

403 1952 766 2015 Ventidium
809 1952 1084 2036 dejectus
1131 1951 1353 2014 Oriens
1411 1951 1753 2036 objecerit?
1841 1953 1927 2015 At
1971 1951 2286 2027 Germani,

403 2053 684 2116 Carbone
744 2066 806 2116 et
867 2053 1090 2116 Cassio
1162 2064 1224 2116 et
1297 2052 1535 2115 Scauro
1592 2053 1846 2114 Aurelio
1910 2062 1971 2114 et
2029 2052 2290 2114 Servilio

407 2155 745 2240 Caepione,
795 2153 887 2218 M.
953 2176 1199 2238 quoque
1231 2153 1468 2218 Manlio
1496 2153 1654 2217 fusis
1708 2154 1807 2217 vel
1851 2153 2065 2234 captiS,
2113 2154 2289 2236 quin·

402 2278 524 2340 que
598 2258 785 2320 simul
856 2256 1210 2319 consulares
1283 2257 1589 2319 exercitus
1662 2254 1908 2340 Populo
1981 2254 2286 2332 RomanO,

401 2356 659 2433 Varum,
719 2370 966 2439 tresque
1040 2379 1184 2420 cum
1257 2378 1332 2420 eo
1402 2357 1698 2441 legiones,
1773 2341 1966 2420 etiani
2034 2356 2288 2420 Caesari

400 2458 819 2521 abstulerunt:
865 2479 983 2521 nec
1034 2459 1284 2539 impune
1341 2459 1419 2521 C.
1470 2457 1707 2521 Marius
1750 2459 1813 2521 in
1866 2458 2061 2535 Italia,
2106 2459 2287 2522 divus

401 2558 608 2622 Julius
652 2561 716 2623 in
762 2556 985 2635 Gallia,
1031 2558 1278 2623 Drusus
1332 2582 1407 2622 ac
1452 2558 1621 2622 Nero
1665 2571 1727 2623 et
1772 2559 2179 2623 Germanicus
2224 2562 2289 2623 in

402 2663 534 2724 suis
608 2683 715 2723 eos
776 2661 1027 2723 sedibus
1099 2661 1513 2743 perculerunt.
1629 2661 1783 2724 Mox
1852 2662 2131 2745 ingentes
2210 2662 2285 2725 C.

400 2760 686 2825 Caesaris
742 2764 945 2826 minae
1006 2763 1069 2825 in
1106 2762 1460 2826 ·ludibrium
1515 2785 1750 2826 versae.
1861 2763 2013 2827 Inde
2072 2765 2285 2841 otium,

400 2862 597 2926 donec
641 2865 963 2926 occasione
994 2863 1336 2927 discordiae
1381 2876 1623 2927 nostrae
1667 2877 1730 2927 et
1771 2865 2047 2930 civilium
2090 2886 2287 2928 armo·

399 2986 559 3039 rum,
621 2966 983 3048 expugnatis
1055 2966 1372 3048 legionum
1443 2964 1733 3041 hibernis„
1803 2968 1987 3030 etiam
2048 2966 2285 3028 Gallias

402 3066 797 3128 affectavere:
844 3087 919 3128 ac
947 3088 1160 3129 rursus
1192 3067 1377 3147 pulsi,
1411 3067 1551 3130 inde
1581 3069 1876 3151 proximis
1907 3067 2285 3149 temporibus

398 3166 751 3246 triumphati
782 3168 980 3251 magis
1012 3189 1199 3250 quam
1226 3169 1374 3231 victi
1406 3181 1568 3231 sunt.

481 3263 831 3328 XXXVIII.
877 3267 1066 3331 Nunc
1109 3267 1186 3331 de
1234 3268 1460 3333 Suevis
1504 3268 1836 3333 dicendum
1879 3279 1993 3345 est,
2024 3290 2287 3351 quorum

397 3390 522 3433 non
542 3391 677 3447 una,
698 3379 769 3431 ut
789 3371 1141 3433 Chattorum
1172 3368 1719 3448 Tencterorumve,
1751 3391 1944 3454 gens:
1990 3370 2287 3455 majorem

398 3470 564 3532 enim
635 3469 1004 3534 Germaniae
1065 3484 1313 3553 partem
1385 3473 1676 3549 obtinent,
1749 3473 2011 3557 propriis
2084 3473 2286 3538 adhuc

398 3572 746 3634 nationibus
791 3573 1266 3656 nominibusque
1311 3572 1580 3649 discreti,
1631 3596 1983 3658 quanquam
2013 3575 2075 3638 in
2118 3597 2285 3638 com-

395 3693 582 3735 mune
658 3673 851 3737 Suevi
923 3686 1238 3737 vocentur.
1364 3673 1614 3757 Insigne
1699 3678 1899 3760 gentis
1973 3677 2285 3759 obliquare

394 3774 629 3837 crinem
700 3775 986 3859 nodoque
1058 3776 1519 3860 substringere:
1568 3778 1660 3841 sio
1719 3778 1912 3842 Suevi
1969 3799 2007 3838 a
2062 3777 2282 3840 ceteris
