2715 4316
1147 323 1490 367 Aomcou.
2178 306 2262 365 49

364 471 697 556 aliquando
726 484 790 535 ct
819 471 1026 555 elegit.
1119 471 1359 535 Consul
1404 472 1689 556 egregiae
1734 483 1866 534 tum
1911 469 2044 552 spei
2072 469 2265 533 filiam

380 576 596 661 juveni
626 575 777 637 mihi
809 573 1135 655 despondit
1177 597 1249 637 ac
1292 586 1432 655 post
1466 573 1875 637 Consulatum
1919 573 2257 648 collocavit,

365 691 426 740 ct
457 679 663 740 statim
696 676 1046 739 Britanniae
1090 677 1476 758 praepositus
1522 688 1636 752 est,
1668 674 1904 760 adjecto
1945 675 2260 758 pontifica-

366 793 466 842 tus
497 779 862 842 sacerdotio,

453 879 539 944 X.
587 880 937 944 Britanniae
969 882 1157 943 situm
1185 880 1592 966 populosque,
1623 880 1834 943 multis
1866 881 2262 962 scriptoribus

364 997 741 1046 memoratos
820 1005 944 1045 non
1000 984 1065 1045 in
1127 984 1643 1063 comparationem
1716 1003 1900 1045 curae
1959 983 2262 1066 ingeniive

368 1085 675 1161 referam3
724 1085 836 1147 sed
879 1085 1025 1167 quia
1068 1097 1202 1146 tum
1244 1085 1516 1168 primum
1558 1083 1923 1164 perdomita⁴
1954 1091 2068 1145 est.
2161 1083 2263 1145 Ita

367 1208 532 1269 quae
654 1184 893 1268 priores
1000 1183 1270 1248 nondum
1372 1198 1685 1266 comperta
1736 1185 2083 1268 eloquentia
2126 1206 2264 1268 per-

366 1287 639 1361 coluere,
674 1308 889 1349 ·rerum
938 1285 1055 1347 fide
1103 1284 1432 1348 tradentur.
1522 1284 1855 1361 Britannia,
1902 1285 2239 1347 insularum

368 1393 528 1471 q'uas
561 1387 844 1450 Romana
887 1387 1099 1449 notitia
1145 1387 1592 1468 complectitur,
1624 1388 1911 1463 maxima,
1946 1387 2143 1471 spatio
2188 1407 2261 1449 ac

368 1490 548 1551 coelo
608 1489 670 1551 in
729 1489 1025 1551 orientem
1086 1486 1475 1564 Germaniae,
1538 1489 1599 1551 in
1668 1487 2050 1551 occidentem
2108 1487 2260 1551 His-

370 1592 588 1672 paniae
637 1589 1017 1652 obtenditur:
1069 1589 1268 1652 Gallis
1313 1591 1377 1652 in
1419 1590 1742 1653 meridiem
1785 1591 1971 1654 etiam
2013 1592 2256 1673 inspici-

370 1707 508 1757 tur:
573 1692 1090 1772 septemtrionalia
1135 1691 1289 1775 eju5,
1336 1692 1523 1754 nullis
1582 1705 1789 1755 contra
1844 1695 2040 1770 terriS,
2087 1707 2262 1757 vasto

371 1808 556 1878 atque
598 1808 806 1878 aperto
850 1795 1004 1866 mari
1046 1794 1387 1875 pulsantur.
1476 1792 1765 1857 Formam
1806 1796 1992 1858 totius
2023 1794 2263 1859 Britan-

370 1899 511 1960 niae
586 1895 804 1959 Livius
878 1909 1175 1972 veterum,
1239 1894 1473 1959 Fabius
1547 1896 1848 1960 Rusticus
1920 1898 2262 1960 recentium

372 2000 864 2082 eloquentissimi
910 2011 1211 2075 auctoreS,
1245 1998 1544 2082 oblongae
1576 1999 1855 2062 scutulae
1883 1999 1986 2061 vel
2012 1999 2263 2079 bipenni

370 2101 852 2165 assimulavere:
903 2113 964 2164 et
992 2113 1192 2164 estea
1220 2100 1412 2164 facies
1458 2102 1607 2165 citra
1645 2100 2068 2176 Caledoniam,
2098 2099 2263 2164 unde

371 2218 437 2267 et
466 2205 529 2267 in
556 2205 913 2266 universum
944 2204 1110 2266 fama
1139 2216 1234 2266 est
1262 2209 1686 2288 transgressa:
1736 2202 1845 2267 sed
1889 2204 2265 2269 immensum

373 2318 437 2369 et
466 2327 714 2368 enorme
759 2307 1026 2389 spatium
1071 2307 1560 2390 procurrentium
1592 2319 1865 2369 extremo
1905 2306 2035 2391 jam
2062 2305 2257 2368 littere

370 2422 689 2484 terrarum,
749 2407 919 2470 velut
975 2408 1039 2469 in
1097 2428 1368 2470 cuneum
1439 2420 1741 2471 tenuatur.
1852 2407 2037 2472 Hanc
2095 2429 2262 2472 oram

372 2511 693 2578 novissimi
753 2510 962 2572 maris
996 2521 1141 2572 tunc
1205 2511 1476 2590 primum
1534 2509 1817 2572 Romana
1873 2511 2091 2573 classis
2148 2512 2263 2573 cir·

371 2624 699 2675 cumvecta
769 2609 1035 2673 insulam
1107 2631 1246 2672 esse
1321 2610 1702 2674 Britanniam
1772 2610 2113 2689 affirmavit,
2188 2632 2262 2677 ac

373 2713 557 2777 simul
606 2712 944 2795 incognitas
984 2710 1061 2774 ad
1105 2711 1165 2775 id
1212 2724 1457 2793 tempus
1501 2712 1753 2789 insulaS,
1786 2735 1941 2796 quas
1988 2712 2262 2777 Orcadas

369 2826 612 2890 vocant,
659 2814 889 2876 invenit
946 2813 1328 2896 domuitque.
1417 2812 1717 2894 Dispecta
1775 2826 1870 2876 est
1926 2826 1986 2878 et
2030 2814 2259 2892 Thule,

372 2937 524 2980 nam
544 2914 842 3003 hactenus
866 2916 1213 3001 jussum,et
1240 2914 1441 2977 hiems
1500 2916 1868 2996 appetebat:
1926 2917 2038 2979 sed
2092 2937 2260 2980 mare

303 3038 308 3041 ·
369 3019 619 3101 pigrum
677 3029 738 3079 et
792 3038 976 3099 grave
1027 3017 1508 3100 remigantibus3
1555 3017 1874 3098 perhibent
1929 3040 2006 3080 ne
2063 3020 2261 3081 ventis

371 3118 626 3203 quidem
681 3118 930 3199 perinde
984 3117 1211 3181 attolli:
1273 3119 1477 3195 credo,
1518 3120 1697 3202 'quod
1741 3121 2009 3183 ‚rariores
2066 3132 2261 3183 terrae

370 3232 755 3303 montesque,
788 3242 978 3283 causa
1007 3242 1080 3282 ac
1109 3222 1363 3306 materia
1391 3233 1845 3303 tempestatum,
1874 3233 1936 3285 et
1963 3220 2263 3305 profunda

370 3321 571 3386 moles
632 3323 903 3385 continui
961 3324 1148 3385 maris
1207 3324 1439 3387 tardius
1497 3323 1847 3405 impellitur.
1958 3322 2258 3390 Naturam

374 3422 612 3486 Oceani
643 3435 825 3507 atque
871 3437 1080 3487 aestus
1124 3446 1326 3507 neque
1357 3447 1651 3507 quaerere
1697 3425 1880 3510 hujus
1913 3429 2113 3513 operis
2145 3442 2257 3506 est,

372 3547 446 3588 ac
475 3526 655 3588 multi
698 3526 1004 3603 retulere3
1050 3549 1247 3589 unum
1291 3525 1671 3590 addiderim:
1727 3550 2034 3612 nusquam
2078 3530 2258 3594 latius

373 3624 670 3689 dominari
727 3648 917 3702 mare,
976 3627 1242 3690 multum
1298 3627 1625 3689 fluminum
1683 3628 1805 3691 huc
1860 3644 2042 3714 atque
2112 3632 2259 3695 illuc

374 3725 550 3805 forre,
596 3749 715 3791 nec
758 3728 958 3791 littore
1002 3740 1183 3792 tenus
1207 3737 1590 3792 ‘accrescere
1635 3741 1742 3793 aut
1782 3732 2102 3803 resorberi,
2149 3730 2257 3796 sed

1138 3809 1183 3873 4
