2715 4316
416 342 501 402 58
1080 356 1142 397 c.
1190 354 1387 397 eorm.
1433 352 1655 397 'rAcr'ri

415 506 727 586 insumpta
753 525 767 566 τ
815 525 908 581 ac,
935 504 987 566 si
1017 503 1211 566 virtus
1243 503 1626 566 exercituum
1656 514 1718 565 et
1747 499 2015 565 Romani
2040 502 2309 568 nominis

412 607 606 691 gloria
655 618 982 688 pateretur,
1014 606 1298 668 inventus
1344 606 1408 667 in
1451 605 1586 685 ipsa
1616 603 1932 666 Britannia
1981 605 2305 668 terminus..

413 707 582 772 Nam
631 708 812 772 Clota
856 720 918 771 et
960 706 1272 784 Bodotria,
1331 706 1558 770 diversi
1616 706 1805 769 maris
1864 706 2140 769 aestibus
2196 728 2309 789 per

415 811 790 873 immensum
828 822 1131 885 revectae,
1165 821 1427 893 angusto
1457 821 1756 872 terrarum
1785 808 1982 889 spatio
2011 807 2309 872 dirimun-

415 925 548 976 tur:
610 913 776 997 quod
832 925 967 976 tum
1022 911 1347 993 praesidiis
1405 911 1801 973 firmabatur:
1862 923 2047 994 atque
2106 912 2308 975 omnis

412 1014 656 1098 propior
727 1014 899 1077 sinus
971 1013 1312 1089 tenebatur,
1376 1012 1703 1075 summotis
1759 1011 1931 1074 velut
2001 1012 2066 1074 in
2122 1011 2308 1075 aliam

414 1116 680 1179 insulam
725 1115 1029 1179 hostibuS.

497 1217 745 1281 XXIV.
813 1217 1048 1292 Quinto
1108 1216 1568 1297 expeditionum
1639 1237 1818 1292 anno,
1883 1236 2038 1278 nave
2111 1216 2308 1297 prima

414 1332 853 1404 transgressuS,
915 1320 1153 1402 ignotas
1210 1318 1289 1381 ad
1348 1317 1412 1380 id
1469 1329 1715 1402 tempus
1786 1329 2003 1400 gentes
2076 1317 2307 1380 crebris

414 1422 597 1485 simul
652 1442 726 1483 ac
775 1421 1085 1501 prosperis
1135 1419 1386 1500 proeliis
1433 1418 1709 1482 domuit:
1757 1440 2019 1510 eamque
2070 1431 2308 1501 partem

412 1521 783 1598 Britanniae,
830 1542 988 1605 quae
1048 1520 1417 1584 Hiberniam
1473 1522 1712 1602 aspicit,
1772 1522 1966 1602 copiis
2024 1521 2308 1584 instruxit

412 1624 475 1686 in
533 1644 709 1704 spem
779 1624 980 1706 magis
1037 1644 1226 1705 quam
1293 1623 1371 1685 ob
1429 1623 1867 1700 formidinem3
1944 1624 1998 1686 si
2055 1622 2307 1707 quidem

412 1723 734 1801 Hibernia,
788 1724 994 1787 medio
1052 1724 1208 1787 inter
1265 1723 1645 1788 Britanniam
1702 1737 1886 1808 atque
1935 1724 2308 1807 Hispaniam

412 1828 529 1890 sita
559 1839 620 1888 et
652 1825 894 1890 Gallico
938 1847 1183 1910 quoque
1229 1826 1384 1889 mari
1430 1839 1788 1910 opportuna,
1820 1827 2308 1892 valentissimam

411 1929 651 2009 imperii
723 1941 960 2009 partem
1029 1929 1273 2012 magnis
1341 1928 1609 1991 invicem
1679 1929 1899 1992 usibus
1965 1930 2307 1994 miscuerit.

413 2031 698 2113 Spatium
758 2031 911 2117 ejuS,
974 2033 1028 2095 si
1085 2031 1437 2094 Britanniae
1495 2043 1903 2116 comparetur,
1959 2033 2305 2116 angustiuS,

412 2135 598 2198 nostri
658 2136 844 2199 maris
898 2134 1132 2198 insulas
1192 2145 1460 2216 superat.
1551 2132 1770 2198 Solum
1829 2133 2198 2219 coelumque
2245 2148 2308 2200 et

411 2237 655 2319 ingenia
685 2237 1012 2320 cultusque
1058 2236 1378 2299 hominum
1422 2235 1588 2299 haud
1631 2236 1897 2300 multum
1926 2259 1963 2300 a
1992 2236 2307 2300 Britannia

410 2336 733 2400 differunt:
795 2336 861 2399 in
910 2337 1135 2400 melius
1180 2337 1384 2400 aditus
1426 2350 1763 2421 portusque
1793 2359 1905 2423 per
1933 2341 2306 2403 commercia

411 2450 472 2501 et
502 2429 908 2521 negotiatores
954 2439 1204 2521 cogniti.
1295 2440 1589 2523 Agricola
1632 2441 1960 2521 expulsum
2005 2441 2305 2506 seditione

409 2540 751 2606 domestica
778 2561 973 2603 unum
1018 2561 1095 2603 ex
1136 2541 1369 2624 regulis
1408 2544 1609 2625 gentis
1640 2555 1965 2624 exceperat
1992 2565 2065 2606 ac
2097 2544 2305 2625 specie

411 2642 716 2705 amicitiae
790 2644 852 2705 in
925 2643 1316 2706 occasionem
1386 2645 1705 2707 retinebat.
1818 2644 2020 2726 Saepe
2088 2667 2166 2708 ex
2229 2667 2306 2709 eo

410 2742 636 2819 audivi,
669 2743 910 2827 legione
955 2766 1078 2807 una
1122 2757 1184 2808 et
1226 2745 1486 2808 modicis
1531 2746 1774 2810 auxiliis
1813 2746 2106 2811 debellari
2152 2748 2307 2810 obti-

411 2844 664 2929 nerique
739 2844 1106 2909 Hiberniam
1178 2868 1387 2931 posse.
1477 2847 1674 2931 quue
1747 2850 1933 2912 etiam
2005 2848 2304 2912 adversus

411 2946 793 3010 Britanniam
835 2947 1242 3029 profuturum,
1291 2950 1344 3012 si
1398 2949 1683 3013 Romana
1732 2951 1963 3035 ubique
2007 2973 2195 3028 arma,
2243 2964 2306 3015 et

408 3048 579 3112 velut
609 3070 642 3111 e
674 3063 1012 3135 conspectu
1041 3050 1291 3114 libertas
1321 3051 1655 3115 tolleretur.

495 3150 709 3215 XXV.
760 3151 1059 3215 Ceterum
1101 3159 1356 3231 aestate,
1390 3176 1513 3238 qua
1557 3167 1800 3218 sextum
1846 3154 2032 3219 officii
2074 3177 2305 3220 annum

410 3252 753 3327 inchoabat,
801 3252 1124 3337 amplexus
1176 3255 1456 3318 civitates
1503 3267 1669 3318 trans
1722 3254 2078 3319 Bodotriam
2131 3258 2301 3334 sitaS,

410 3354 557 3436 quia
623 3366 828 3417 motus
901 3355 1326 3419 universarum
1397 3356 1555 3419 ultra
1625 3357 1904 3439 gentium
1962 3370 2024 3421 et
2083 3357 2303 3421 infesta

409 3453 648 3516 hostilis
722 3456 1029 3519 exercitus
1098 3458 1314 3521 itinera
1375 3457 1763 3535 timebantur,
1823 3472 2036 3540 portus
2101 3459 2303 3523 classe

410 3555 780 3636 exploravit:
827 3580 1007 3641 quae,
1069 3560 1145 3623 ab
1205 3559 1499 3644 Agricola
1552 3560 1823 3645 primum
1879 3573 2199 3643 assumpta
2241 3564 2302 3625 in

409 3668 645 3737 partem
685 3659 928 3736 virium,
962 3661 1334 3745 sequebatur
1383 3662 1633 3745 egregia
1677 3663 1907 3747 specie,
1940 3684 2086 3726 cum
2118 3663 2302 3728 simul

411 3770 588 3835 terra,
621 3761 808 3825 simul
835 3763 989 3826 mari
1019 3762 1251 3826 bellum
1291 3761 1729 3847 impelleretur,
1760 3785 1834 3827 ac
1863 3785 2050 3847 saepe
2080 3764 2300 3829 iisdem
