2715 4316
368 377 452 434 62
1015 388 1076 431 c.
1122 352 1338 428 conis.⁶
1363 385 1584 429 'mern

368 538 607 602 tanniac
663 548 872 617 patet3
942 546 1125 618 atque
1185 555 1365 597 omne
1424 534 1701 617 ignotum
1757 556 1868 618 pro
1923 535 2255 619 magnifico

281 681 287 686 -
368 652 483 701 est.
572 637 700 700 Sed
749 636 917 699 nulla
967 636 1096 719 jam
1145 635 1305 698 ultra
1347 656 1520 718 genS,
1564 634 1714 698 nihil
1756 637 1877 699 nisi
1919 636 2147 700 fluctus
2194 650 2253 701 et

370 762 534 816 saxa,
568 751 629 802 et
658 739 1003 802 infestiores
1049 737 1356 801 Romani:
1406 758 1668 820 quorum
1713 738 2064 819 superbiam
2093 739 2253 802 frus-

368 853 460 905 tra
487 863 596 926 per
639 841 1006 922 obsequium
1038 851 1099 902 et
1129 838 1495 901 modestiam
1541 838 1856 922 effugeris,
1945 839 2255 920 Raptores

372 943 554 1019 orbiS,
585 954 911 1025 postquam
955 954 1179 1003 cuncta
1219 938 1603 1002 vastantibus
1647 939 1900 1003 defuere
1945 953 2160 1016 terrae,
2193 953 2256 1004 et

372 1067 538 1108 mare
596 1056 981 1107 scrutantur:
1062 1043 1115 1105 si
1171 1041 1449 1123 locuples
1502 1039 1696 1104 hostis
1755 1054 1868 1118 est,
1928 1043 2138 1120 avari3
2201 1044 2256 1106 si

370 1168 619 1229 pauper,
669 1145 1010 1208 ambitiosi:
1072 1165 1226 1227 quos
1279 1165 1402 1205 non
1450 1141 1691 1219 OrienS,
1745 1164 1868 1205 non
1921 1142 2251 1220 OccidenS,

373 1250 696 1311 satiaverit.
807 1246 938 1310 Soli
1011 1247 1288 1309 oninium
1348 1266 1497 1326 opes
1556 1256 1739 1328 atque
1798 1245 2065 1325 inopiam
2121 1247 2255 1325 pari

373 1350 594 1412 affectu
686 1349 1146 1429 concupiscunt.
1263 1345 1545 1421 Auferre,
1622 1344 1943 1421 trucidare,
2017 1366 2252 1426 rapere,

376 1450 544 1512 falsis
603 1448 953 1511 nominibus
1007 1449 1376 1528 imperium3
1436 1459 1639 1530 atque,
1695 1446 1803 1509 ubi
1861 1445 2256 1509 solitudinem

376 1551 622 1624 faciunt,
652 1570 871 1630 pacem
901 1548 1265 1632 appellant.”

456 1646 689 1712 XXXI.
739 1654 777 1682 “
799 1648 1057 1711 Liberos
1099 1651 1323 1731 cuique
1354 1671 1428 1711 ac
1457 1649 1828 1733 propinquos
1859 1670 2005 1710 suos
2035 1661 2254 1711 natura

375 1752 725 1814 carissimos
756 1773 894 1813 esse
926 1750 1154 1827 voluit;
1203 1749 1263 1813 hi
1293 1771 1404 1831 per
1431 1750 1728 1826 delectuS‚
1762 1750 1906 1812 alibi
1949 1751 2252 1828 servituri,

372 1854 766 1916 auferuntur·
828 1853 1120 1936 conjuges
1175 1872 1557 1934 sororesque,
1613 1853 1730 1915 etsi
1783 1850 2070 1914 hostilem
2116 1851 2257 1914 libi·

373 1956 580 2019 dinem
637 1955 952 2040 effugiant,
1011 1955 1254 2017 nomine
1314 1955 1654 2015 amicorum
1712 1965 1895 2036 atque
1945 1953 2257 2033 hospitum

373 2060 742 2140 polluuntur.
830 2056 1003 2120 Bona
1057 2056 1451 2138 fortunasque
1509 2055 1570 2117 in
1628 2055 1923 2118 tributum
1981 2067 2257 2138 egerunt,

373 2185 562 2225 annos
593 2163 655 2225 in
681 2162 1098 2224 frumentum:
1146 2181 1398 2240 corpora
1441 2158 1575 2240 ipsa
1603 2179 1676 2220 ac
1704 2179 1923 2221 manus
1972 2156 2140 2220 silvis
2181 2179 2256 2220 ac

374 2263 698 2344 paludibus
757 2260 1140 2324 emuniendis
1193 2259 1360 2322 inter
1407 2258 1669 2323 verbera.
1719 2280 1793 2321 ac
1850 2257 2255 2321 contumelias

374 2375 711 2427 conterunt.
800 2360 964 2424 Nata
1022 2362 1295 2423 servituti
1354 2361 1659 2441 mancipia
1718 2361 1912 2423 semel
1967 2373 2255 2436 veneunt,

374 2477 556 2548 atque
612 2463 771 2526 ultro
812 2484 848 2524 a
890 2461 1151 2524 dominis
1207 2462 1485 2524 aluntur:
1534 2461 1845 2524 Britannia
1903 2462 2258 2524 servitutem

344 2557 552 2628 ⁴suam
609 2563 877 2647 quotidie
937 2563 1104 2638 emit,
1164 2563 1436 2646 quotidie
1495 2564 1712 2647 pascit.
1800 2564 1916 2639 Ac,
1979 2563 2139 2625 sicut
2194 2563 2257 2624 in

375 2666 602 2729 familia
646 2665 1104 2728 recentissimus
1150 2665 1413 2747 quisque
1473 2686 1786 2727 servorum
1831 2677 1891 2726 et
1942 2664 2257 2727 conservis

375 2767 638 2830 ludibrio
683 2779 796 2842 est,
831 2767 920 2828 sic
950 2767 1013 2829 in
1042 2764 1159 2827 hoc
1189 2766 1349 2828 orbis
1395 2779 1693 2828 terrarum
1722 2778 1924 2828 vetere
1955 2764 2254 2827 famulatu

376 2869 515 2930 novi
560 2889 671 2930 nos
717 2879 778 2930 et
821 2867 972 2929 viles
1002 2867 1065 2930 in
1094 2866 1404 2929 excidium
1448 2867 1734 2946 petimur.
1822 2865 2047 2949 Neque
2092 2866 2257 2928 enim

375 2992 518 3033 arva
547 2969 720 3032 nobis
765 2981 872 3031 aut
915 2969 1160 3031 metalla
1206 2980 1312 3030 aut
1360 2979 1572 3048 portus
1620 2979 1781 3044 sunt,
1813 2968 2038 3051 quibus
2084 2987 2255 3029 exer-

377 3072 590 3135 cendis
641 3092 1044 3134 reservemur.
1131 3068 1342 3132 Virtus
1395 3091 1573 3154 porro
1620 3091 1694 3132 ac
1736 3069 1964 3132 ferocia
2016 3068 2256 3152 subjec-

378 3187 575 3237 torum
659 3174 894 3257 ingrata
978 3171 1465 3253 imperantibus:
1555 3183 1616 3232 et
1693 3171 2104 3254 longinquitas
2184 3190 2258 3232 ac

377 3289 683 3339 secretum
753 3276 962 3361 ipsum
1031 3295 1154 3358 quo
1225 3274 1439 3350 tutiuS,
1515 3294 1590 3336 eo
1663 3274 2035 3358 suspectius,
2141 3270 2256 3348 Ita,

378 3376 616 3439 sublata
689 3397 797 3457 spe
868 3376 1103 3452 veniae,
1162 3374 1410 3438 tandem
1483 3374 1706 3437 sumite
1779 3375 2072 3448 animum,
2132 3384 2258 3435 tam

377 3475 601 3559 quibus
675 3475 862 3552 salus,
936 3497 1124 3559 quam
1193 3475 1418 3558 quibus
1489 3474 1682 3558 gloria
1752 3474 2069 3537 carissima
2143 3484 2256 3534 est.

377 3575 804 3651 Trinobantes,
878 3575 1106 3639 femina
1176 3575 1356 3652 duce,
1430 3596 1684 3638 exurere
1757 3574 2079 3649 coloniam,
2156 3594 2259 3635 ex-

378 3697 646 3763 pugnare
691 3688 908 3751 castra,
954 3697 1047 3752 ac,
1093 3677 1213 3739 nisi
1256 3675 1516 3739 felicitas
1559 3677 1621 3739 in
1666 3675 2008 3739 socordiam
2042 3675 2258 3737 vertis-

377 3789 488 3850 set,
535 3797 758 3839 exuere
808 3777 1031 3860 jugum
1072 3788 1368 3856 potuere:
1428 3798 1541 3838 nos
1597 3777 1816 3860 integri
1859 3788 1922 3839 et
1979 3774 2258 3839 indomiti
