2715 4316
472 331 555 387 22
1095 342 1154 384 c.
1201 315 1408 385 conns
1445 339 1718 384 nou-us

463 482 792 562 captivum,
857 503 1106 565 quoquo
1175 481 1362 544 modo
1432 482 1856 564 interceptum,
1931 505 2078 547 cum
2149 485 2345 550 electe

462 582 851 666 popularium
896 604 1168 658 suorum,
1200 584 1411 664 patriis
1454 605 1765 667 quemque
1811 607 2019 661 armis,
2067 589 2348 651 commit-

465 698 642 748 tunt:
705 685 959 768 victoria
1029 684 1212 768 hujus
1270 684 1371 748 vel
1427 684 1592 748 illius
1648 708 1758 767 pro
1812 687 2188 771 praejudicio
2245 711 2348 753 ac-

463 789 702 870 cipitur.

547 888 669 953 XI.
714 888 814 952 De
857 889 1195 952 minoribus
1239 889 1427 952 rebus
1478 890 1788 974 principes
1833 890 2218 967 consultant;
2268 890 2348 955 de

465 991 797 1077 majoribus
843 1013 1103 1054 omnes:
1152 993 1234 1055 ita
1279 1004 1506 1068 tamen,
1554 1003 1622 1055 ut
1666 1013 1741 1055 ea
1783 1014 2050 1075 quoque,
2084 1015 2347 1076 quorum

464 1115 657 1179 penes
699 1093 946 1175 plebem
991 1095 1307 1158 arbitrium
1351 1107 1466 1170 est,
1514 1093 1679 1175 apud
1718 1095 2026 1175 principes
2080 1107 2348 1178 pertrac-

464 1208 687 1259 tentur.
798 1194 1062 1272 Coeunt,
1136 1197 1256 1259 nisi
1328 1196 1478 1278 quid
1548 1195 1868 1259 fortuitum
1940 1208 2002 1259 et
2073 1197 2346 1260 subitum

465 1297 764 1372 inciderit,
812 1300 995 1361 certis
1039 1297 1280 1372 diebuS,
1327 1318 1475 1360 cum
1517 1308 1624 1360 aut
1680 1296 2000 1360 inchoatur
2054 1296 2200 1360 luna
2242 1311 2349 1360 aut

466 1397 790 1478 impletur:
852 1420 995 1461 nam
1038 1399 1293 1482 agendis
1359 1399 1546 1461 rebus
1598 1398 1717 1461 hoc
1783 1399 2348 1479 auspicatissimum

465 1499 709 1561 initium
754 1499 1028 1562 credunt.
1116 1498 1257 1562 Nec
1300 1499 1540 1564 dierum
1584 1521 1930 1577 numerum,
1962 1512 2030 1562 ut
2073 1521 2204 1577 nos,
2239 1499 2351 1562 sed

466 1600 739 1663 noctium
782 1610 1158 1680 computant.
1250 1602 1359 1663 Sic
1404 1603 1800 1678 constituunt,
1841 1604 1931 1666 sic
1976 1602 2346 1665 condicunt:

467 1721 588 1762 nox
630 1699 855 1763 ducere
900 1701 1067 1764 diem
1109 1701 1370 1766 videtur.
1458 1702 1624 1767 Illud
1667 1724 1745 1765 ex
1786 1704 2063 1767 libertate
2108 1704 2348 1779 vitium,

467 1801 634 1885 quod
676 1819 795 1865 non
842 1803 1048 1881 simul,
1079 1825 1196 1868 nec
1242 1817 1308 1867 ut
1344 1803 1505 1889 jussi
1550 1806 1937 1883 conveniunt,
1971 1804 2082 1869 sed
2110 1817 2172 1868 et
2198 1805 2352 1867 alter

468 1916 530 1968 et
559 1906 771 1969 tertius
800 1905 933 1969 dies
979 1908 1365 1971 cunctatione
1410 1909 1771 1972 coeuntium
1815 1908 2177 1970 absumitur.
2264 1903 2351 1969 Ut

466 2008 681 2071 turbae
709 2007 958 2090 placuit,
991 2009 1316 2074 considunt
1345 2011 1581 2075 armati.
1652 2009 1982 2073 Silentium
2011 2030 2120 2090 per
2150 2028 2350 2070 sacer-

467 2109 662 2187 doteS,
717 2111 942 2194 quibus
999 2124 1133 2175 tum
1190 2125 1252 2176 et
1307 2111 1631 2175 coercendi
1680 2110 1783 2197 jus
1836 2123 1949 2188 est,
1998 2111 2333 2195 imperatur

471 2210 623 2275 Mox
676 2234 785 2275 rex
838 2213 937 2276 vel
1009 2216 1316 2298 princepS,
1376 2226 1557 2293 prout
1627 2225 1796 2275 aetas
1870 2213 2114 2297 cuique,
2173 2225 2353 2294 prout

468 2314 770 2388 nobilitaS‚
830 2327 1009 2397 prout
1058 2314 1249 2377 decus
1306 2315 1629 2389 bellorum,
1676 2326 1855 2393 prout
1906 2313 2193 2381 facundia
2236 2327 2349 2391 est,

469 2414 816 2490 audiuntur,
865 2415 1219 2477 auctoritate
1265 2412 1562 2476 suadendi
1607 2414 1825 2495 magiS,
1872 2434 2058 2494 quam
2095 2414 2349 2498 jubendi

468 2527 788 2596 potestate.
908 2514 977 2578 Si
1047 2514 1363 2595 displicuit
1434 2514 1751 2589 sententia,
1826 2512 2074 2577 fremitu
2147 2538 2354 2597 asper-

468 2628 734 2692 nantur3
810 2616 906 2678 sin
961 2616 1211 2701 placuit,
1270 2613 1532 2677 frameas
1608 2615 1983 2679 concutiunt.
2072 2615 2354 2681 Honora-

467 2717 783 2780 tissimum
810 2738 1105 2780 assensus
1149 2737 1347 2800 genus
1380 2728 1493 2792 est,
1526 2716 1710 2778 armis
1739 2716 2009 2780 laudare.

555 2817 708 2882 XII.
769 2817 948 2882 Licet
1019 2818 1183 2900 apud
1240 2817 1572 2881 concilium
1636 2839 1929 2884 accusare
1987 2840 2232 2903 quoque
2292 2832 2354 2883 et

470 2920 803 2984 discrimen
846 2922 1061 3002 capitis
1106 2919 1440 2983 intendere.
1527 2919 1859 2987 Distinctio
1902 2942 2238 3006 poenarum
2276 2943 2353 2985 ex

471 3022 739 3086 delicto:
799 3022 1136 3105 proditores
1195 3033 1257 3085 et
1313 3022 1661 3107 transfugas
1719 3023 2035 3086 arboribus
2094 3044 2353 3107 suspen-

472 3124 662 3201 dunt3
710 3125 965 3208 ignavos
1014 3136 1079 3188 et.
1119 3123 1400 3187 imbelles
1453 3137 1515 3188 et
1539 3127 1811 3207 'corpore
1857 3123 2116 3187 infames
2160 3145 2352 3187 coeno

472 3247 546 3288 ac
573 3225 819 3310 palude,
852 3225 1072 3310 injecta
1114 3226 1364 3308 insuper
1407 3240 1591 3304 crate,
1617 3238 1922 3310 mergunt.
2011 3224 2353 3289 Diversitas

474 3328 759 3408 supplicii
844 3327 990 3391 illuc
1072 3329 1343 3410 respicit,
1424 3342 1716 3413 tanquam
1801 3326 2036 3391 scelera
2119 3327 2354 3392 ostendi

474 3440 762 3510 oporteat,
837 3428 986 3492 dum
1056 3431 1411 3512 puniuntur,
1488 3431 1721 3513 flagitia
1798 3428 2113 3491 abscondi.
2228 3428 2356 3491 Sed

474 3541 536 3592 et
576 3528 909 3592 levioribus
953 3530 1212 3608 delictis,
1257 3553 1370 3616 pro
1412 3530 1596 3598 modo
1652 3551 2009 3615 poenarum,
2058 3550 2354 3612 equorum

473 3651 889 3714 pecorumque
988 3653 1245 3695 numero
1346 3632 1611 3696 convicti
1694 3630 2115 3694 mulctantur:
2217 3652 2356 3711 pars

474 3731 742 3795 mulctae
796 3735 927 3817 regi
984 3734 1085 3797 vel
1142 3734 1391 3809 civitati,
1445 3755 1590 3815 pars
1648 3732 1786 3813 ipsi,
1844 3733 1951 3813 qui
2000 3730 2362 3808 vindicatur,
