2715 4316
1088 352 1175 395 nr:
1219 350 1582 395 anamma.
2194 337 2278 397 37

386 513 630 566 castum
687 521 930 576 nemus,
976 498 1371 582 dicatumque
1428 500 1518 562 in'
1551 519 1627 562 eo
1682 497 2058 578 vehiculum,
2102 512 2276 564 veste

321 654 326 658 .
386 614 785 667 contectum:
852 602 1150 684 attingere
1206 601 1315 664 uni
1373 600 1675 664 sacerdoti
1733 622 2122 665 concessum.
2210 601 2277 665 Is

385 704 608 767 adesse
680 702 976 784 penetrali
1033 701 1214 765 deam
1269 701 1572 784 intelligit,
1632 714 1998 784 vectamque
2070 703 2275 766 bubus

384 806 637 869 feminis
695 803 890 867 multa
948 824 1094 866 cum
1149 803 1541 867 veneratione
1597 804 2006 887 prosequitur.
2095 801 2273 869 Laeti

385 918 533 970 tunc
605 905 761 982 dies,
833 904 994 968 festa
1062 905 1217 980 loca,
1293 925 1724 988 quaecumque
1797 904 2063 968 adventu
2133 905 2275 969 hos-

384 1008 664 1093 pitioque
728 1006 1030 1090 dignatur.
1146 1004 1292 1068 Non
1363 1005 1526 1068 bella
1624 1007 1854 1082 ineunt,
1913 1028 2037 1069 non
2106 1028 2274 1069 arma

387 1119 681 1186 sumunt;
728 1108 1015 1171 clausum
1072 1128 1252 1170 omne
1295 1106 1567 1170 ferrum:
1612 1128 1735 1187 pax
1790 1118 1852 1170 et
1894 1108 2072 1190 quies
2128 1120 2277 1171 tunc

387 1221 626 1273 tantum
654 1222 816 1286 nota,
847 1222 996 1273 tunc
1039 1220 1275 1272 tantum
1312 1220 1536 1284 amata,
1568 1207 1765 1271 donec
1795 1208 1961 1271 idem
1991 1208 2277 1271 sacerdos

388 1311 672 1373 satiatam
701 1311 1161 1373 conversatione
1197 1310 1548 1372 mortalium
1577 1309 1759 1372 deam
1787 1308 2016 1390 templo
2043 1309 2275 1373 reddat.

388 1409 544 1474 Mox
569 1411 927 1477 vehiculum
973 1423 1035 1475 et
1075 1423 1304 1487 vesteS,
1338 1423 1418 1485 et,
1448 1411 1501 1474 si
1546 1410 1796 1474 credere
1839 1411 2015 1487 veliS,
2047 1433 2278 1474 numen

386 1511 598 1591 ipsum
641 1524 882 1574 secreto
921 1511 1063 1574 lacu
1115 1511 1401 1575 abluitur.
1491 1510 1667 1575 Servi
1711 1512 2073 1588 ministrant,
2120 1534 2276 1595 quos

389 1612 598 1675 statim
627 1611 793 1675 idem
835 1612 1010 1700 lacus
1053 1612 1297 1691 haurit3
1345 1634 1606 1676 arcanus
1650 1611 1792 1676 hinc
1820 1625 2011 1677 terror
2038 1614 2276 1677 sancta-

386 1735 510 1797 que
570 1715 928 1799 ignorantia,
988 1713 1135 1797 quid
1181 1715 1261 1778 sit
1307 1714 1479 1791 illud,
1526 1714 1691 1798 quod
1745 1727 1984 1779 tantum
2025 1717 2276 1798 perituri

384 1812 617 1878 vident.

470 1912 637 1979 XLI.
683 1915 771 1980 Et
799 1916 953 1980 haec
984 1917 1237 2001 quidem
1279 1939 1422 2003 pars
1469 1917 1818 1981 Suevorum
1846 1919 1908 1980 in
1950 1920 2278 1982 secretiora

391 2016 762 2081 Germaniae
805 2020 1154 2103 porrigitur.
1241 2018 1518 2104 Propior,
1564 2032 1635 2083 ut
1678 2041 1801 2102 quo
1857 2019 2041 2083 modo
2090 2019 2277 2104 paulo

387 2130 530 2182 ante
576 2117 891 2196 Rhenum,
925 2121 1016 2184 sic
1059 2140 1223 2183 nunc
1267 2118 1629 2184 Danubium
1674 2139 1914 2203 sequar,
1962 2118 2276 2183 Hermun-

387 2220 683 2284 durorum
753 2221 989 2297 civitas,
1049 2220 1173 2283 fida
1242 2221 1565 2298 RomaniS,
1641 2242 1839 2305 eoque
1912 2221 2059 2284 solis
2121 2219 2276 2283 Ger-

387 2343 713 2386 manorum
784 2344 907 2385 non
963 2324 1027 2385 in
1096 2324 1230 2408 ripa
1302 2324 1763 2400 commercium,
1826 2323 1936 2386 sed
2005 2323 2273 2408 penituS,

388 2436 573 2508 atque
618 2426 682 2488 in
727 2424 1222 2506 splendidissima
1266 2424 1569 2488 Rhaetiae
1625 2426 1972 2506 provinciae
2016 2426 2274 2489 colonia.

388 2525 640 2591 Passim
697 2539 760 2590 et
816 2528 948 2590 sine
993 2526 1247 2590 custode
1306 2539 1664 2591 transeunt:
1726 2540 1805 2604 et,
1853 2517 1999 2591 cum
2055 2529 2277 2592 ceteris

388 2630 677 2712 gentibus
721 2650 890 2691 arma
919 2628 1102 2691 modo
1132 2641 1455 2712 castraque
1485 2642 1691 2692 nostra
1735 2630 2147 2705 ostendamus,
2180 2629 2276 2692 his

388 2729 608 2793 domos
664 2730 967 2813 villasque
1022 2731 1432 2811 patefecimus
1490 2752 1612 2793 non
1675 2731 2275 2813 concupiscentibus,

389 2830 466 2895 In
525 2831 981 2921 Hermunduris
1039 2833 1218 2896 Albis
1292 2834 1500 2909 oritur,
1560 2832 1792 2896 flumen
1864 2833 2144 2898 inclitum
2215 2844 2279 2896 et

390 2944 606 2998 notum
635 2934 784 2998 olim
808 2956 824 3011 ;
871 2955 1036 2997 nunc
1066 2947 1302 2998 tantum
1332 2934 1596 2998 auditur.

474 3030 667 3096 XLII.
713 3035 902 3099 Juxta
931 3035 1406 3100 Hermunduros
1459 3036 1728 3112 Narisci,
1761 3058 1834 3100 ac
1861 3036 2082 3100 deinde
2115 3034 2280 3098 Mar-

392 3138 677 3200 comanni
707 3150 769 3200 et
799 3136 1005 3211 Quadi
1037 3150 1246 3221 agunt.
1327 3137 1674 3219 Praecipua
1704 3136 2281 3200 Marcomannorum

394 3237 589 3322 gloria
627 3239 936 3322 viresque,
983 3251 1166 3323 atque
1211 3240 1347 3321 ipsa
1405 3242 1592 3304 etiam
1636 3238 1838 3315 sedes,
1884 3238 2081 3319 pulsis
2135 3237 2283 3301 olim

395 3337 588 3417 Boiis,
636 3342 857 3405 virtute
914 3353 1105 3422 parta.
1194 3340 1334 3406 Nec
1380 3341 1628 3407 Narisci
1688 3340 1973 3415 Quadive
2018 3337 2284 3425 degene-

396 3455 545 3506 rant.
632 3441 855 3527 anue
917 3443 1288 3507 Germaniae
1344 3445 1517 3509 velut
1571 3445 1738 3509 frons
1808 3456 1921 3521 est,
1981 3458 2283 3528 quatenus

400 3541 685 3607 Danubio
752 3546 1087 3631 peragitur.
1176 3544 1632 3610 Marcomannis
1677 3545 2041 3631 Quadisque
2086 3568 2285 3630 usque

396 3644 474 3707 ad
528 3659 803 3710 nostram
873 3648 1235 3711 memoriam
1305 3669 1487 3731 reges
1558 3662 1916 3712 manserunt
1972 3671 2049 3712 ex
2104 3660 2287 3732 gente

418 3765 693 3829 psorum‚
744 3749 950 3814 nobile
996 3748 1366 3814 Marobodui
1410 3761 1486 3825 et,
1514 3748 1715 3815 Tudri
1770 3771 2013 3835 genus:
2051 3749 2185 3828 jam
2228 3761 2287 3813 et
